%% Created using Papers on Mon, 26 Oct 2015.
%% http://papersapp.com/papers/

@article{Perez-Orive:2002kw,
author = {Perez-Orive, Javier and Mazor, Ofer and Turner, Glenn C and Cassenaer, Stijn and Wilson, Rachel I and Laurent, Gilles},
title = {{Oscillations and sparsening of odor representations in the mushroom body.}},
journal = {Science},
year = {2002}
}

@article{Fr√©maux:2010fzba,
author = {Fr{\'e}maux, Nicolas and Sprekeler, Henning and Gerstner, Wulfram},
title = {{Functional requirements for reward-modulated spike-timing-dependent plasticity.}},
journal = {The Journal of neuroscience : the official journal of the Society for Neuroscience},
year = {2010}
}

@article{Florian:2007czba,
author = {Florian, R{\u{a}}zvan V},
title = {{Reinforcement learning through modulation of spike-timing-dependent synaptic plasticity. - PubMed - NCBI}},
journal = {Neural computation},
year = {2007}
}

@article{Trannoy:2011bsba,
author = {Trannoy, S{\'e}verine and Redt-Clouet, Christelle and Dura, Jean-Maurice and Preat, Thomas},
title = {{Parallel Processing of Appetitive Short- and Long-Term Memories In Drosophila}},
journal = {Current Biology},
year = {2011}
}

@article{Ito:2008ebba,
author = {Ito, Iori and Ong, Rose Chik-ying and Raman, Baranidharan and Stopfer, Mark},
title = {{Sparse odor representation and olfactory learning}},
journal = {Nature Neuroscience},
year = {2008}
}

@webpage{Anonymous:2fyJTdik,
title = {{Chat with Nikayjay in a Live Adult Video Chat Room Now}},
year = {0}
}

@article{Schmuker:0hsba,
author = {Kasap, B and Schmuker, M},
title = {{Improving odor classification through self-organized lateral inhibition in a spiking olfaction-inspired network}},
journal = {2013 6th International IEEE/EMBS Conference on Neural Engineering (NER)},
year = {0}
}

@article{Graves:2013uaba,
author = {Graves, Alex},
title = {{Generating Sequences With Recurrent Neural Networks}},
year = {2013},
eprint = {1308.0850},
eprinttype = {arxiv}
}

@article{Finelli:2008jmba,
author = {Graham, Lyle J and Finelli, Luca A and Haney, Seth and Bazhenov, Maxim and Stopfer, Mark and Sejnowski, Terrence J},
title = {{Synaptic Learning Rules and Sparse Coding in a Model Sensory System}},
journal = {PLOS Computational Biology},
year = {2008}
}

@webpage{Anonymous:WHRqsdC2,
title = {{LiveLeak.com - Channel: Syria}},
year = {0}
}

@article{Miller:1995kl,
author = {Theunissen, Fr{\'e}d{\'e}ric and Miller, John P},
title = {{Temporal encoding in nervous systems: A rigorous definition}},
journal = {Journal of Computational Neuroscience},
year = {1995}
}

@article{McDannald:2011haba,
author = {McDannald, Michael A and Lucantonio, Federica and Burke, Kathryn A and Niv, Yael and Schoenbaum, Geoffrey},
title = {{Ventral striatum and orbitofrontal cortex are both required for model-based, but not model-free, reinforcement learning.}},
journal = {The Journal of neuroscience : the official journal of the Society for Neuroscience},
year = {2011}
}

@article{Theunissen:1999hwba,
author = {Borst, Alexander and Theunissen, Fr{\'e}d{\'e}ric E},
title = {{Information theory and neural coding}},
journal = {Nature Neuroscience},
year = {1999}
}

@article{Cassenaer:2012hxba,
author = {Cassenaer, Stijn and Laurent, Gilles},
title = {{Conditional modulation of spike-timing-dependent plasticity for olfactory learning}},
journal = {Nature},
year = {2012}
}

@webpage{Anonymous:WNFp4sl0,
year = {0}
}

@article{Cleland:2010izba,
author = {Linster, Christiane and Cleland, Thomas A},
title = {{Decorrelation of Odor Representations via Spike Timing-Dependent Plasticity.}},
journal = {Frontiers in Computational Neuroscience},
year = {2010}
}

@article{Heisenberg:2009buba,
author = {Heisenberg, Martin},
title = {{Is free will an illusion?}},
journal = {Nature},
year = {2009}
}

@article{Niv:2008fbbaca,
author = {Dayan, Peter and Niv, Yael},
title = {{Reinforcement learning: The Good, The Bad and The Ugly}},
journal = {Current opinion in neurobiology},
year = {2008}
}

@article{Pitman:2011kaba,
author = {Pitman, Jena L and Huetteroth, Wolf and Burke, Christopher J and Krashes, Michael J and Lai, Sen-Lin and Lee, Tzumin and Waddell, Scott},
title = {{A Pair of Inhibitory Neurons Are Required to Sustain Labile Memory in the Drosophila Mushroom Body}},
journal = {Current Biology},
year = {2011}
}

@article{Savin:2010fzba,
author = {Morrison, Abigail and Savin, Cristina and Joshi, Prashant and Triesch, Jochen},
title = {{Independent Component Analysis in Spiking Neurons}},
journal = {PLOS Computational Biology},
year = {2010}
}

@article{Poo:1998ve,
author = {Bi, G Q and Poo, M M},
title = {{Synaptic modifications in cultured hippocampal neurons: dependence on spike timing, synaptic strength, and postsynaptic cell type.}},
journal = {The Journal of neuroscience : the official journal of the Society for Neuroscience},
year = {1998}
}

@article{Rossum:2002vz,
author = {van Rossum, Mark C W and Turrigiano, Gina G and Nelson, Sacha B},
title = {{Fast propagation of firing rates through layered networks of noisy neurons.}},
journal = {The Journal of neuroscience : the official journal of the Society for Neuroscience},
year = {2002}
}

@article{Kennedy:2015icba,
author = {Kennedy, Ann},
title = {{Representation and learning in cerebellum-like structures}},
year = {2015}
}

@article{Zhou:2014ikba,
author = {Lazar, A A and Zhou, Y},
title = {{Reconstructing Natural Visual Scenes From Spike Times}},
journal = {Proceedings of the IEEE},
year = {2014}
}

@article{Anonymous:8/6HOIkWba,
year = {0}
}

@article{Gao:2015fkba,
author = {Louis, Matthieu and Gao, Xiaojing J and Clandinin, Thomas R and Luo, Liqun},
title = {{Extremely Sparse Olfactory Inputs Are Sufficient to Mediate Innate Aversion in Drosophila}},
journal = {PLOS ONE},
year = {2015}
}

@article{Stopfer:2003ewba,
author = {Stopfer, Mark and Jayaraman, Vivek and Laurent, Gilles},
title = {{Intensity versus Identity Coding in an Olfactory System}},
journal = {Neuron},
year = {2003}
}

@article{Dias:2014gv,
author = {Brian G Dias, Kerry J Ressler},
title = {{Parental olfactory experience influences behavior and neural structure in subsequent generations}},
journal = {Nature Neuroscience},
year = {2014}
}

@article{Diesmann:1999inba,
author = {Diesmann, Markus and Gewaltig, Marc-Oliver and Aertsen, Ad},
title = {{Stable propagation of synchronous spiking in cortical neural networks}},
journal = {Nature},
year = {1999}
}

@article{Heisenberg:1994iu,
author = {de Belle, J S and Heisenberg, M},
title = {{Associative odor learning in Drosophila abolished by chemical ablation of mushroom bodies}},
journal = {Science},
year = {1994}
}

@article{Abbott:2012ipba,
author = {Churchland, Mark M and Abbott, L F},
title = {{Two layers of neural variability}},
journal = {Nature Neuroscience},
year = {2012}
}

@article{Sompolinsky:2006czba,
author = {G{\"u}tig, Robert and Sompolinsky, Haim},
title = {{The tempotron: a neuron that learns spike timing|[ndash]|based decisions}},
journal = {Nature Neuroscience},
year = {2006}
}

@webpage{Anonymous:Do1HWZTvba,
title = {{Weekly Top Rated Videos}},
year = {0}
}

@article{Lin:2014ixbaca,
author = {Lin, Suewei and Owald, David and Chandra, Vikram and Talbot, Clifford and Huetteroth, Wolf and Waddell, Scott},
title = {{Neural correlates of water reward in thirsty Drosophila}},
journal = {Nature Neuroscience},
year = {2014}
}

@article{Luo:2010fbba,
author = {Luo, Sean X and Axel, Richard and Abbott, L F},
title = {{Generating sparse and selective third-order responses in the olfactory system of the fly.}},
journal = {PNAS},
year = {2010}
}

@webpage{Anonymous:xr6lnmeJba,
year = {0}
}

@article{Rossant:2011hbba,
author = {Rossant, Cyrille and Leijon, Sara and Magnusson, Anna K and Brette, Romain},
title = {{Sensitivity of noisy neurons to coincident inputs.}},
journal = {The Journal of neuroscience : the official journal of the Society for Neuroscience},
year = {2011}
}

@article{Anonymous:0cnba,
title = {{Introduction}},
year = {0}
}

@article{Saha:2006ghba,
author = {Saha, Somen and Ji, Lin and de Pablo, Juan J and Palecek, Sean P},
title = {{Inhibition of human embryonic stem cell differentiation by mechanical strain.}},
journal = {J Cell Physiol},
year = {2006}
}

@article{Tanaka:2008hgba,
author = {Tanaka, Nobuaki K and Tanimoto, Hiromu and Ito, Kei},
title = {{Neuronal assemblies of the Drosophila mushroom body}},
journal = {Journal of Comparative Neurology},
year = {2008}
}

@article{Yarali:2008dtba,
author = {Yarali, Ayse and Niewalda, Thomas and Chen, Yi-chun and Tanimoto, Hiromu and Duerrnagel, Stefan and Gerber, Bertram},
title = {{{\textquoteleft}Pain relief{\textquoteright} learning in fruit flies}},
journal = {Animal Behaviour},
year = {2008}
}

@article{Bienenstock:1982tzba,
author = {Bienenstock, E L and Cooper, L N and Munro, P W},
title = {{Theory for the development of neuron selectivity: orientation specificity and binocular interaction in visual cortex.}},
journal = {The Journal of neuroscience : the official journal of the Society for Neuroscience},
year = {1982}
}

@webpage{Schiller:0vdba,
author = {von Schiller},
title = {{Letters Upon The Aesthetic Education of Man}},
year = {0}
}

@article{Izhikevich:2004ulba,
author = {Izhikevich, E M},
title = {{Which model to use for cortical spiking neurons?}},
journal = {IEEE transactions on neural networks},
year = {2004}
}

@article{Abbott:2005kdba,
author = {Swinehart, Christian D and Abbott, L F},
title = {{Supervised Learning Through Neuronal Response Modulation}},
journal = {Neural computation},
year = {2005}
}

@article{Burke:2012jtba,
author = {Burke, Christopher J and Huetteroth, Wolf and Owald, David and Perisse, Emmanuel and Krashes, Michael J and Das, Gaurav and Gohl, Daryl and Silies, Marion and Certel, Sarah and Waddell, Scott},
title = {{Layered reward signalling through octopamine and dopamine in Drosophila}},
journal = {Nature},
year = {2012}
}

@webpage{Anonymous:15Bekbgwba,
year = {0}
}

@article{Kleberg:2014cabaca,
author = {Kleberg, Florence I and Fukai, Tomoki and Gilson, Matthieu},
title = {{Excitatory and inhibitory STDP jointly tune feedforward neural circuits to selectively propagate correlated spiking activity}},
journal = {Frontiers in Computational Neuroscience},
year = {2014}
}

@article{Anonymous:2014ftbacadaeafaga,
title = {{Formation and maintenance of neuronal assemblies through synaptic plasticity}},
journal = {Nature Communications},
year = {2014}
}

@webpage{Anonymous:htTjojfh,
title = {{rob koss - Google Scholar}},
year = {0}
}

@article{Anonymous:2006czbacadaea,
title = {{The tempotron: a neuron that learns spike timing|[ndash]|based decisions}},
journal = {Nature Neuroscience},
year = {2006}
}

@article{Anonymous:2006czbacadaea,
title = {{The tempotron: a neuron that learns spike timing|[ndash]|based decisions}},
journal = {Nature Neuroscience},
year = {2006}
}

@article{Bartos:2002dkba,
author = {Bartos, M and Vida, I and Frotscher, M and Meyer, A and Monyer, H and Geiger, J R P and Jonas, P},
title = {{Fast synaptic inhibition promotes synchronized gamma oscillations in hippocampal interneuron networks}},
journal = {Proceedings of the National Academy of Sciences},
year = {2002}
}

@article{Niv:2012dfba,
author = {Niv, Yael and Edlund, Jeffrey A and Dayan, Peter and O'Doherty, John P},
title = {{Neural prediction errors reveal a risk-sensitive reinforcement-learning process in the human brain.}},
journal = {The Journal of neuroscience : the official journal of the Society for Neuroscience},
year = {2012}
}

@article{Schmuker:0hsba,
author = {Kasap, Bahadir and Schmuker, Michael},
title = {{Improving odor classification through self-organized lateral inhibition in a spiking olfaction-inspired network}},
journal = {2013 6th International IEEE/EMBS Conference on Neural Engineering (NER)},
year = {0}
}

@article{Vogels:2013bjba,
author = {Vogels, T P and Froemke, R C and Doyon, N and Gilson, M and Haas, J S and Liu, R and Maffei, A and Miller, P and Wierenga, C J and Woodin, M A and Zenke, F and Sprekeler, H},
title = {{Inhibitory synaptic plasticity: spike timing-dependence and putative network function}},
journal = {Frontiers in Neural Circuits},
year = {2013}
}

@article{Gatys:3Azh+1+B,
author = {Gatys, Leon A and Ecker, Alexander S and Bethge, Matthias},
title = {{A Neural Algorithm of Artistic Style}},
year = {2015},
eprint = {1508.06576},
eprinttype = {arxiv}
}

@webpage{Anonymous:NN0Xu5AGba,
title = {{Use the bookmarklet to import papers from your web browser to Papers / How To / Knowledge Base - Mekentosj Support}},
year = {0}
}

@article{Schreiber:2000jxba,
author = {Schreiber, Thomas},
title = {{Measuring Information Transfer}},
journal = {arXiv},
year = {2000},
eprint = {nlin/0001042v1},
eprinttype = {arxiv}
}

@article{Wu:2011emba,
author = {Wu, Chia-Lin and Shih, Meng-Fu Maxwell and Lai, Jason Sih-Yu and Yang, Hsun-Ti and Turner, Glenn C and Chen, Linyi and Chiang, Ann-Shyn},
title = {{Heterotypic Gap Junctions between Two Neurons in the Drosophila Brain Are Critical for Memory}},
journal = {Current Biology},
year = {2011}
}

@article{Anonymous:2006czbacadaea,
title = {{The tempotron: a neuron that learns spike timing|[ndash]|based decisions}},
journal = {Nature Neuroscience},
year = {2006}
}

@article{Yildizoglu:2015fpba,
author = {Yildizoglu, T},
title = {{Estimating information flow through a memory system}},
year = {2015}
}

@article{Ito:2008ebba,
author = {Ito, Iori and Ong, Rose Chik-ying and Raman, Baranidharan and Stopfer, Mark},
title = {{Sparse odor representation and olfactory learning}},
journal = {Nature Neuroscience},
year = {2008}
}

@article{Owald:2015cnba,
author = {Owald, David and Felsenberg, Johannes and Talbot, Clifford B and Das, Gaurav and Perisse, Emmanuel and Huetteroth, Wolf and Waddell, Scott},
title = {{Activity of Defined Mushroom Body Output Neurons Underlies Learned Olfactory Behavior in Drosophila}},
journal = {Neuron},
year = {2015}
}

@webpage{Faghihi:0wiba,
author = {Faghihi, Faramarz},
title = {{Biophysical Modeling of Information Processing in the Drosophila Olfactory System 
}},
year = {0}
}

@webpage{Anonymous:8Zw5+WyTba,
year = {0}
}

@article{Lin:2014iobaca,
author = {Lin, Andrew C and Bygrave, Alexei M and de Calignon, Alix and Lee, Tzumin and Miesenb{\"o}ck, Gero},
title = {{Sparse, decorrelated odor coding in the mushroom body enhances learned odor discrimination}},
journal = {Nature Neuroscience},
year = {2014}
}

@webpage{Huerta:0hxbacadaeafaga,
title = {{Computational models to understand decision making and pattern recognition in the insect brain}},
year = {0}
}

@article{Freitas:2011vdba,
author = {Knoll, Byron and de Freitas, Nando},
title = {{A Machine Learning Perspective on Predictive Coding with PAQ}},
journal = {arXiv.org},
year = {2011},
eprint = {http://arxiv.org/abs/1108.3298v1},
eprinttype = {arxiv}
}

@article{Schwaerzel:2003wpba,
author = {Schwaerzel, Martin and Monastirioti, Maria and Scholz, Henrike and Friggi-Grelin, Florence and Birman, Serge and Heisenberg, Martin},
title = {{Dopamine and octopamine differentiate between aversive and appetitive olfactory memories in Drosophila.}},
journal = {The Journal of neuroscience : the official journal of the Society for Neuroscience},
year = {2003}
}

@article{Friedrich:2013bz,
author = {Jacobson, Gilad A and Friedrich, Rainer W},
title = {{Neural Circuits: Random Design of a Higher-Order Olfactory Projection}},
journal = {Current Biology},
year = {2013}
}

@article{Bartos:2002dkba,
title = {{Fast synaptic inhibition promotes synchronized gamma oscillations in hippocampal interneuron networks}},
journal = {Proceedings of the National Academy of Sciences},
year = {2002}
}

@article{Silva:0wj,
author = {Silva, Bryon and xe1, Molina-Fern and ndez, Claudia and Ugalde, Mar xed and Beatriz, a and Tognarelli, Eduardo I and Angel, Cristian and Campusano, Jorge M},
title = {{Muscarinic ACh Receptors Contribute to Aversive Olfactory Learning in \emph{Drosophila}}},
journal = {Neural Plasticity},
year = {0}
}

@webpage{Anonymous:jQdnDY8Uba,
year = {0}
}

@article{Anonymous:1997hxba,
title = {{A neural substrate of prediction and reward.}},
journal = {Science},
year = {1997}
}

@article{Caron:2013cbba,
author = {Caron, Sophie J C and Ruta, Vanessa and Abbott, L F and Axel, Richard},
title = {{Random convergence of olfactory inputs in the Drosophila mushroom body}},
journal = {Nature},
year = {2013}
}

@article{Bayar:9putvc6rba,
author = {{Bayar}},
title = {{Transfer Proposal 3}},
year = {0}
}

@webpage{Anonymous:ODrMPuw6ba,
title = {{Wacom Wacom Bamboo Stylus Feel - White: Amazon.co.uk: Computers {\&} Accessories}},
year = {0}
}

@article{Giurfa:2003ddba,
author = {Giurfa, Martin},
title = {{Cognitive neuroethology: dissecting non-elemental learning in a honeybee brain}},
journal = {Current opinion in neurobiology},
year = {2003}
}

@webpage{Huerta:0wcba,
author = {Huerta, R},
title = {{Learning pattern recognition and decision making in the insect brain}},
year = {0}
}

@article{Anonymous:+fWHlS7Vba,
title = {{NimbusSanL-Regu}},
year = {2012}
}

@article{Anonymous:gvpnOgk/ba,
title = {{Neural correlates of water reward in thirsty Drosophila - Europe PMC Article - Europe PubMed Central}},
year = {0}
}

@article{Anonymous:1KyhC2Ur,
title = {{how to smooth jagged illustrator - Google Search}},
year = {0}
}

@article{Harris:1991wnba,
author = {Harris, R M},
title = {{Modulation of neural networks for behavior}},
journal = {Annual review of neuroscience},
year = {1991}
}

@article{Shriki:2006cjba,
author = {Shriki, Oren and Hansel, David and Sompolinsky, Haim},
title = {{Rate Models for Conductance-Based Cortical Neuronal Networks}},
journal = {dx.doi.org},
year = {2006}
}

@article{Parnas:2013kdba,
author = {Parnas, Moshe and Lin, Andrew C and Huetteroth, Wolf and Miesenb{\"o}ck, Gero},
title = {{Odor Discrimination in Drosophila: From Neural Population Codes to Behavior}},
journal = {Neuron},
year = {2013}
}

@article{192:2015th,
author = {{192}},
title = {{D Owald - Dopamine}},
year = {2015}
}

@article{Kelso:2009jqba,
author = {Sporns, Olaf and Kelso, J A Scott and de Guzman, Gonzalo C and Reveley, Colin and Tognoli, Emmanuelle},
title = {{Virtual Partner Interaction (VPI): Exploring Novel Behaviors via Coordination Dynamics}},
journal = {PLOS ONE},
year = {2009}
}

@article{Foundation:2014wbba,
author = {Izhikevich, Eugene M and {Neurosciences Research Foundation, Inc.}},
title = {{Solving the distal reward problem through linkage of STDP and dopamine signaling}},
journal = {US Patent Office},
year = {2014}
}

@article{Perisse:2013fsbacada,
author = {Perisse, Emmanuel and Yin, Yan and Lin, Andrew C and Lin, Suewei and Huetteroth, Wolf and Waddell, Scott},
title = {{Different Kenyon Cell Populations Drive Learned Approach and Avoidance in Drosophila}},
journal = {Neuron},
year = {2013}
}

@article{Anonymous:/ktv47LVba,
title = {{A fost lansat logo-ul Mondialului din Rusia (2018) - Criticile au aparut imediat: "Seamana cu un termos"}},
year = {0}
}

@article{Anonymous:t2KUZqVp,
year = {0},
eprinttype = {com.mekentosj.papers2.download}
}

@webpage{Anonymous:YYeqZYntba,
year = {0}
}

@webpage{Various:E3Ea4S9cba,
author = {{Various}},
title = {{Decision Making in Intvertebrates}},
year = {0}
}

@book{Anonymous:2010ubba,
title = {{Recent Advances in Parkinson{\textquoteright}s Disease: Basic Research}},
publisher = {Elsevier},
year = {2010}
}

@article{Honegger:2011jaba,
author = {Honegger, Kyle S and Campbell, Robert A A and Turner, Glenn C},
title = {{Cellular-resolution population imaging reveals robust sparse coding in the Drosophila mushroom body.}},
journal = {The Journal of neuroscience : the official journal of the Society for Neuroscience},
year = {2011}
}

@article{Tootoonian:2014vhba,
author = {Tootoonian, Sina and Lengyel, Mate},
title = {{A Dual Algorithm for Olfactory Computation in the Locust Brain}},
journal = {papers.nips.cc},
year = {2014}
}

@article{Waddell:2014bxba,
author = {Waddell, Scott and Barnstedt, Oliver and Treiber, Christoph},
title = {{Neural transposition in the Drosophila brain: is it all bad news?}},
journal = {Adv Genet},
year = {2014}
}

@article{Dupret:2013kcba,
author = {Dupret, David and O{\textquoteright}Neill, Joseph and Csicsvari, Jozsef},
title = {{Dynamic Reconfiguration of Hippocampal Interneuron Circuits during Spatial Learning}},
journal = {Neuron},
year = {2013}
}

@article{Sprekeler:2012hcba,
author = {Sprekeler, H and Clopath, C and Vogels, T P},
title = {{Interactions of excitatory and inhibitory synaptic plasticity}},
journal = {Poster presentation at: Bernstein {\ldots}},
year = {2012}
}

@article{Bayar:hf5Q9LADba,
author = {{Bayar}},
title = {{Timeline}},
year = {0}
}

@article{Campbell:2013fbba,
author = {Campbell, Robert A A and Honegger, Kyle S and Qin, Hongtao and Li, Wanhe and Demir, Ebru and Turner, Glenn C},
title = {{Imaging a population code for odor identity in the Drosophila mushroom body.}},
journal = {The Journal of neuroscience : the official journal of the Society for Neuroscience},
year = {2013}
}

@article{Perisse:2013fsbacada,
author = {Perisse, Emmanuel and Yin, Yan and Lin, Andrew C and Lin, Suewei and Huetteroth, Wolf and Waddell, Scott},
title = {{Different Kenyon Cell Populations Drive Learned Approach and Avoidance in Drosophila}},
journal = {Neuron},
year = {2013}
}

@webpage{Fisek:2014ttba,
author = {Fisek, Mehmet},
title = {{Connectivity and computations in higher-order olfactory neurons Drosophila}},
year = {2014}
}

@article{Lin:2014ixbaca,
author = {Lin, Suewei and Owald, David and Chandra, Vikram and Talbot, Clifford and Huetteroth, Wolf and Waddell, Scott},
title = {{Neural correlates of water reward in thirsty Drosophila.}},
journal = {Nature Neuroscience},
year = {2014}
}

@article{Fr√©maux:2010fzba,
author = {Fr{\'e}maux, Nicolas and Sprekeler, Henning and Gerstner, Wulfram},
title = {{Functional requirements for reward-modulated spike-timing-dependent plasticity.}},
journal = {The Journal of neuroscience : the official journal of the Society for Neuroscience},
year = {2010}
}

@article{Anonymous:2014ftbacadaeafaga,
title = {{Formation and maintenance of neuronal assemblies through synaptic plasticity}},
journal = {Nature Communications},
year = {2014}
}

@article{Wessnitzer:2011djba,
author = {Wessnitzer, Jan and Young, Joanna M and Armstrong, J Douglas and Webb, Barbara},
title = {{A model of non-elemental olfactory learning in Drosophila. - PubMed - NCBI}},
journal = {J Comput Neurosci},
year = {2011}
}

@article{Aso:2009dkba,
author = {Aso, Yoshinori and Gr{\"u}bel, Kornelia and Busch, Sebastian and Friedrich, Anja B and Siwanowicz, Igor and Tanimoto, Hiromu},
title = {{The mushroom body of adult Drosophila characterized by GAL4 drivers. - PubMed - NCBI}},
journal = {Journal of Neurogenetics},
year = {2009}
}

@webpage{Anonymous:Hok/KrPYba,
title = {{IEEE Xplore Full-Text PDF:}},
year = {0}
}

@article{Krashes:2007fhba,
author = {Krashes, Michael J and Keene, Alex C and Leung, Benjamin and Armstrong, J Douglas and Waddell, Scott},
title = {{Sequential Use of Mushroom Body Neuron Subsets during Drosophila Odor Memory Processing}},
journal = {Neuron},
year = {2007}
}

@webpage{Huerta:0hxbacadaeafaga,
title = {{Computational models to understand decision making and pattern recognition in the insect brain}},
year = {0}
}

@article{Aso:2014ftba,
author = {Aso, Yoshinori and Hattori, Daisuke and Yu, Yang and Johnston, Rebecca M and Iyer, Nirmala A and Ngo, Teri-TB and Dionne, Heather and Abbott, L F and Axel, Richard and Tanimoto, Hiromu and Rubin, Gerald M},
title = {{Author response}},
journal = {eLife},
year = {2014}
}

@article{Mensi:2012fuba,
author = {Mensi, S and Naud, R and Pozzorini, C and Avermann, M and Petersen, C C H and Gerstner, W},
title = {{Parameter extraction and classification of three cortical neuron types reveals two distinct adaptation mechanisms}},
journal = {Journal of Neurophysiology},
year = {2012}
}

@article{Anonymous:2awhuGGGba,
title = {{The neuronal architecture of the mushroom body provides a logic for associative learning | eLife Lens}},
year = {0}
}

@article{Raizer:2015fzba,
author = {Raizer, Klaus and Gudwin, Ricardo R},
title = {{A neuroscience inspired gated learning action selection mechanism}},
journal = {Biologically Inspired Cognitive Architectures},
year = {2015}
}

@article{Carlson:2006iu,
author = {Hallem, Elissa A and Carlson, John R},
title = {{Coding of odors by a receptor repertoire.}},
journal = {Cell},
year = {2006}
}

@article{Pereda:2014ieba,
author = {Pereda, Alberto E},
title = {{Electrical synapses and their functional interactions with chemical synapses}},
journal = {Nature Reviews Neuroscience},
year = {2014}
}

@article{Anonymous:2014ftbacadaeafaga,
title = {{Formation and maintenance of neuronal assemblies through synaptic plasticity}},
journal = {Nature Communications},
year = {2014}
}

@article{Aso:2014fxba,
author = {Yu, Yang and Johnston, Rebecca M and Aso, Yoshinori and Abbott, L F and Axel, Richard and Ngo, Teri-TB and Iyer, Nirmala A and Tanimoto, Hiromu and Rubin, Gerald M and Hattori, Daisuke and Dionne, Heather},
title = {{The neuronal architecture of the mushroom body provides a logic for associative learning}},
journal = {eLife},
year = {2014}
}

@article{Mnih:2014tiba,
author = {Mnih, Volodymyr and Heess, Nicolas and Graves, Alex and Kavukcuoglu, Koray},
title = {{Recurrent Models of Visual Attention}},
journal = {arXiv.org},
year = {2014},
eprint = {1406.6247v1},
eprinttype = {arxiv}
}

@article{Legenstein:2008gxba,
author = {Graham, Lyle J and Legenstein, Robert and Pecevski, Dejan and Maass, Wolfgang},
title = {{A Learning Theory for Reward-Modulated Spike-Timing-Dependent Plasticity with Application to Biofeedback}},
journal = {PLOS Computational Biology},
year = {2008}
}

@article{Cho:2014czba,
author = {Srinivasa, Narayan and Cho, Youngkwan},
title = {{Unsupervised Discrimination of Patterns in Spiking Neural Networks with Excitatory and Inhibitory Synaptic Plasticity}},
journal = {Frontiers in Computational Neuroscience},
year = {2014}
}

@article{Trepat:2007jbba,
author = {Trepat, Xavier and Deng, Linhong and An, Steven S and Navajas, Daniel and Tschumperlin, Daniel J and Gerthoffer, William T and Butler, James P and Fredberg, Jeffrey J},
title = {{Universal physical responses to stretch in the living cell.}},
journal = {Nature},
year = {2007}
}

@article{Anonymous:5Z+e5gwwba,
title = {{The neuronal architecture of the mushroom body provides a logic for associative learning | eLife Lens}},
year = {0}
}

@article{Anonymous:2014ftbacadaeafaga,
title = {{Formation and maintenance of neuronal assemblies through synaptic plasticity}},
journal = {Nature Communications},
year = {2014}
}

@article{Steinberg:2013inba,
author = {Steinberg, Elizabeth E and Keiflin, Ronald and Boivin, Josiah R and Witten, Ilana B and Deisseroth, Karl and Janak, Patricia H},
title = {{A causal link between prediction errors, dopamine neurons and learning.}},
journal = {Nature Neuroscience},
year = {2013}
}

@webpage{Anonymous:dEu7D7bUba,
year = {0}
}

@article{Perisse:2013fpba,
author = {Perisse, Emmanuel and Burke, Christopher and Huetteroth, Wolf and Waddell, Scott},
title = {{Shocking revelations and saccharin sweetness in the study of Drosophila olfactory memory.}},
journal = {Current biology : CB},
year = {2013}
}

@article{Aso:2014bhba,
author = {Aso, Yoshinori and Luo, Liqun and Sitaraman, Divya and Ichinose, Toshiharu and Kaun, Karla R and Vogt, Katrin and Belliart-Gu{\'e}rin, Ghislain and Pla{\c c}ais, Pierre-Yves and Robie, Alice A and Yamagata, Nobuhiro and Schnaitmann, Christopher and Rowell, William J and Johnston, Rebecca M and Ngo, Teri-T B and Chen, Nan and Korff, Wyatt and Nitabach, Michael N and Heberlein, Ulrike and Preat, Thomas and Branson, Kristin M and Tanimoto, Hiromu and Rubin, Gerald M and Luo, Liqun},
title = {{Mushroom body output neurons encode valence and guide memory-based action selection in Drosophila}},
journal = {eLife},
year = {2014}
}

@article{Harris:2012ewba,
author = {Harris, A R and Peter, L and Bellis, J and Baum, B and Kabla, A J and Charras, G T},
title = {{Characterizing the mechanics of cultured cell monolayers}},
journal = {Proceedings of the National Academy of Sciences},
year = {2012}
}

@webpage{Huerta:0hxbacadaeafaga,
title = {{Computational models to understand decision making and pattern recognition in the insect brain}},
year = {0}
}

@article{Doiron:2014ft,
author = {Litwin-Kumar, Ashok and Doiron, Brent},
title = {{Formation and maintenance of neuronal assemblies through synaptic plasticity}},
journal = {Nature Communications},
year = {2014}
}

@article{Wu:2007ieba,
author = {Wu, Chia-Lin and Xia, Shouzhen and Fu, Tsai-Feng and Wang, Huaien and Chen, Ying-Hsiu and Leong, Daniel and Chiang, Ann-Shyn and Tully, Tim},
title = {{Specific requirement of NMDA receptors for long-term memory consolidation in Drosophila ellipsoid body}},
journal = {Nature Neuroscience},
year = {2007}
}

@article{Guo:2011fe,
author = {Wu, Zhihua and Guo, Aike},
title = {{A model study on the circuit mechanism underlying decision-making in Drosophila}},
journal = {Neural Networks},
year = {2011}
}

@article{Aso:2009dkba,
author = {Aso, Yoshinori and Gr{\"u}bel, Kornelia and Busch, Sebastian and Friedrich, Anja B and Siwanowicz, Igor and Tanimoto, Hiromu},
title = {{The Mushroom Body of Adult Drosophila Characterized by GAL4 Drivers}},
journal = {Journal of Neurogenetics},
year = {2009}
}

@article{DallasDreamJustifi:THKfzCU6,
title = {{Dallas Dream Justified}},
year = {0}
}

@article{Glimcher:2011heba,
author = {Glimcher, Paul W},
title = {{Understanding dopamine and reinforcement learning: the dopamine reward prediction error hypothesis.}},
journal = {Proceedings of the National Academy of Sciences of the United States of America},
year = {2011}
}

@article{Jacobs:2009bhba,
author = {Jacobs, Adam L and Fridman, Gene and Douglas, Robert M and Alam, Nazia M and Latham, Peter E and Prusky, Glen T and Nirenberg, Sheila},
title = {{Ruling out and ruling in neural codes.}},
journal = {Proceedings of the National Academy of Sciences of the United States of America},
year = {2009}
}

@article{KARNIEL:2012esba,
author = {KARNIEL, AMIR},
title = {{OPEN QUESTIONS IN COMPUTATIONAL MOTOR CONTROL}},
journal = {Journal of Integrative Neuroscience},
year = {2012}
}

@article{Scott:2015ea,
author = {Kirkhart, Colleen and Scott, Kristin},
title = {{Gustatory learning and processing in the Drosophila mushroom bodies.}},
journal = {The Journal of neuroscience : the official journal of the Society for Neuroscience},
year = {2015}
}

@article{Jaeger:2007cvba,
author = {Jaeger, Herbert},
title = {{Echo state network}},
journal = {Scholarpedia},
year = {2007}
}

@article{Legenstein:2008gxba,
author = {Graham, Lyle J and Legenstein, Robert and Pecevski, Dejan and Maass, Wolfgang},
title = {{A Learning Theory for Reward-Modulated Spike-Timing-Dependent Plasticity with Application to Biofeedback}},
journal = {PLOS Computational Biology},
year = {2008}
}

@article{Abbott:2009dz,
author = {Vogels, Tim P and Abbott, L F},
title = {{Gating multiple signals through detailed balance of excitation and inhibition in spiking networks}},
journal = {Nature Neuroscience},
year = {2009}
}

@webpage{Anonymous:qhqv2eB8,
title = {{odesa - Google Search}},
year = {0}
}

@article{Neurokernel:2014voba,
author = {Neurokernel, RFC and Givon, L E and Lazar, A A},
title = {{Neurokernel: An Open Scalable Software Framework for Emulation and Validation of Drosophila Brain Models on Multiple GPUs}},
year = {2014}
}

@article{Kullmann:2012dyba,
author = {Kullmann, Dimitri M and Moreau, Alexandre W and Bakiri, Yamina and Nicholson, Elizabeth},
title = {{Plasticity of Inhibition}},
journal = {Neuron},
year = {2012}
}

@article{Wang:2011ghba,
author = {Wang, Sheng-Jun and Hilgetag, Claus C and Zhou, Changsong},
title = {{Sustained Activity in Hierarchical Modular Neural Networks: Self-Organized Criticality and Oscillations}},
journal = {Frontiers in Computational Neuroscience},
year = {2011}
}

@webpage{Anonymous:zrtuQiWVba,
title = {{IEEE Xplore Full-Text PDF:}},
year = {0}
}

@article{Heisenberg:2009ucba,
author = {Heisenberg, Martin and Borst, Alexander and Wagner, Sibylle and Byers, Duncan},
title = {{Drosophila Mushroom Body Mutants are Deficient in Olfactory Learning}},
journal = {Journal of Neurogenetics},
year = {2009}
}

@article{Stopfer:2015dx,
author = {Aldworth, Zane N and Stopfer, Mark A},
title = {{Trade-off between information format and capacity in the olfactory system.}},
journal = {The Journal of neuroscience : the official journal of the Society for Neuroscience},
year = {2015}
}

@article{Stollenga:2014tlba,
author = {Stollenga, Marijn and Masci, Jonathan and Gomez, Faustino and Schmidhuber, Juergen},
title = {{Deep Networks with Internal Selective Attention through Feedback Connections}},
journal = {arXiv.org},
year = {2014},
eprint = {1407.3068},
eprinttype = {arxiv}
}

@article{Niv:2008fbbaca,
author = {Dayan, Peter and Niv, Yael},
title = {{Reinforcement learning: The Good, The Bad and The Ugly}},
journal = {Current opinion in neurobiology},
year = {2008}
}

@article{Surmeier:2009gjba,
author = {Surmeier, D James and Plotkin, Joshua and Shen, Weixing},
title = {{Dopamine and synaptic plasticity in dorsal striatal circuits controlling action selection}},
journal = {Current opinion in neurobiology},
year = {2009}
}

@webpage{Anonymous:WIQmjY/Pba,
year = {0}
}

@webpage{Huerta:0hxbacadaeafaga,
title = {{Computational models to understand decision making and pattern recognition in the insect brain}},
year = {0}
}

@webpage{Anonymous:DUviL6lu,
title = {{hinton.pdf}},
year = {0}
}

@article{Pitt-Francis:2009crba,
author = {Pitt-Francis, Joe and Pathmanathan, Pras and Bernabeu, Miguel O and Bordas, Rafel and Cooper, Jonathan and Fletcher, Alexander G and Mirams, Gary R and Murray, Philip and Osborne, James M and Walter, Alex and Chapman, S Jon and Garny, Alan and van Leeuwen, Ingeborg M M and Maini, Philip K and Rodr{\'\i}guez, Blanca and Waters, Sarah L and Whiteley, Jonathan P and Byrne, Helen M and Gavaghan, David J},
title = {{Chaste: A test-driven approach to software development for biological modelling}},
journal = {Computer Physics Communications},
year = {2009}
}

@article{Olsen:2010dcba,
author = {Olsen, Shawn R and Bhandawat, Vikas and Wilson, Rachel I},
title = {{Divisive normalization in olfactory population codes.}},
journal = {Neuron},
year = {2010}
}

@article{Kelso:2009jqba,
author = {Sporns, Olaf and Kelso, J A Scott and de Guzman, Gonzalo C and Reveley, Colin and Tognoli, Emmanuelle},
title = {{Virtual Partner Interaction (VPI): Exploring Novel Behaviors via Coordination Dynamics}},
journal = {PLOS ONE},
year = {2009}
}

@article{Ben-Yishai:1995jkba,
author = {Ben-Yishai, R and Bar-Or, R L and Sompolinsky, H},
title = {{Theory of orientation tuning in visual cortex.}},
journal = {Proceedings of the National Academy of Sciences},
year = {1995}
}

@article{Turner:2015kz,
author = {Hige, Toshihide and Turner, Glenn},
title = {{Learning: The Good, the Bad, and the Fly}},
journal = {Neuron},
year = {2015}
}

@article{Mirams:2012fvba,
author = {Mirams, Gary R and Fletcher, Alexander G and Maini, Philip K and Byrne, Helen M},
title = {{A theoretical investigation of the effect of proliferation and adhesion on monoclonal conversion in the colonic crypt}},
journal = {Journal of Theoretical Biology},
year = {2012}
}

@webpage{Anonymous:ZAiBhP1R,
title = {{HotNews.ro - Actualitate}},
year = {0}
}

@article{Yarali:2008umba,
author = {Yarali, A},
title = {{Aspects of predictive learning in the fruit fly}},
year = {2008}
}

@article{Bayar:au2JNkM1ba,
author = {{Bayar}},
title = {{Transfer Report}},
year = {0}
}

@article{Srinivasa:2012ijba,
author = {O'Brien, Michael J and Srinivasa, Narayan},
title = {{A Spiking Neural Model for Stable Reinforcement of Synapses Based on Multiple Distal Rewards}},
journal = {dx.doi.org},
year = {2012}
}

@article{Datta:2008cqba,
author = {Datta, Sandeep Robert and Vasconcelos, Maria Luisa and Ruta, Vanessa and Luo, Sean and Wong, Allan and Demir, Ebru and Flores, Jorge and Balonze, Karen and Dickson, Barry J and Axel, Richard},
title = {{The Drosophila pheromone cVA activates a sexually dimorphic neural circuit}},
journal = {Nature},
year = {2008}
}

@article{Campbell:2013fbba,
author = {Campbell, Robert A A and Honegger, Kyle S and Qin, Hongtao and Li, Wanhe and Demir, Ebru and Turner, Glenn C},
title = {{Imaging a population code for odor identity in the Drosophila mushroom body.}},
journal = {The Journal of neuroscience : the official journal of the Society for Neuroscience},
year = {2013}
}

@webpage{Anonymous:PdPs1X2cba,
year = {0}
}

@article{Frank:2014bd,
author = {Collins, Anne G E and Frank, Michael J},
title = {{Opponent actor learning (OpAL): Modeling interactive effects of striatal dopamine on reinforcement learning and choice incentive.}},
journal = {Psychological Review},
year = {2014}
}

@article{Luan:2014kyba,
author = {Luan, Song and Williams, Ian and Nikolic, Konstantin and Constandinou, Timothy G},
title = {{Neuromodulation: present and emerging methods}},
journal = {Front Neuroeng},
year = {2014}
}

@webpage{Anonymous:UoBEf05hba,
year = {0}
}

@article{Anonymous:0eWt27eK,
title = {{Yahoo News - Latest News {\&} Headlines}},
year = {0}
}

@article{Farooqui:2007cfba,
author = {Farooqui, Tahira},
title = {{Octopamine-Mediated Neuromodulation of Insect Senses}},
journal = {Neurochemical research},
year = {2007}
}

@article{Anonymous:Kun4dhdKba,
title = {{MODULATION OF NEURAL NETWORKS FOR BEHAVIOR}},
year = {0}
}

@webpage{Anonymous:V6GQ+IHFba,
year = {0}
}

@webpage{Huerta:0hxbacadaeafaga,
title = {{Computational models to understand decision making and pattern recognition in the insect brain}},
year = {0}
}

@article{Rossum:2002fh,
author = {van Rossum, Mark C W and Turrigiano, Gina G and Nelson, Sacha B},
title = {{Fast propagation of firing rates through layered networks of noisy neurons.}},
journal = {The Journal of neuroscience : the official journal of the Society for Neuroscience},
year = {2002}
}

@webpage{Anonymous:2utB1vA2,
year = {0}
}

@article{Masse:2009jrba,
author = {Masse, Nicolas Y and Turner, Glenn C and Jefferis, Gregory S X E},
title = {{Olfactory Information Processing in Drosophila}},
journal = {Current Biology},
year = {2009}
}

@article{Hoerzer:2014czba,
author = {Hoerzer, Gregor M and Legenstein, Robert and Maass, Wolfgang},
title = {{Emergence of complex computational structures from chaotic neural networks through reward-modulated Hebbian learning.}},
journal = {Cerebral cortex (New York, N.Y. : 1991)},
year = {2014}
}

@article{Perisse:2013fsbacada,
author = {Perisse, Emmanuel and Yin, Yan and Lin, Andrew C and Lin, Suewei and Huetteroth, Wolf and Waddell, Scott},
title = {{Different Kenyon Cell Populations Drive Learned Approach and Avoidance in Drosophila}},
journal = {Neuron},
year = {2013}
}

@article{Burke:2012jtba,
author = {Burke, Christopher J and Huetteroth, Wolf and Owald, David and Perisse, Emmanuel and Krashes, Michael J and Das, Gaurav and Gohl, Daryl and Silies, Marion and Certel, Sarah and Waddell, Scott},
title = {{Layered reward signalling through octopamine and dopamine in Drosophila.}},
journal = {Nature},
year = {2012}
}

@webpage{Anonymous:GNduQwbIba,
title = {{Free Porn Videos - XVIDEOS.COM}},
year = {0}
}

@article{Sompolinsky:2014he,
author = {Babadi, Baktash and Sompolinsky, Haim},
title = {{Sparseness and Expansion in Sensory Representations}},
journal = {Neuron},
year = {2014}
}

@article{Das:2014ihba,
author = {Das, Gaurav and Klappenbach, Mart{\'\i}n and Vrontou, Eleftheria and Perisse, Emmanuel and Clark, Christopher M and Burke, Christopher J and Waddell, Scott},
title = {{Drosophila learn opposing components of a compound food stimulus.}},
journal = {Current biology : CB},
year = {2014}
}

@article{Swinderen:2004iu,
author = {Greenspan, Ralph J and van Swinderen, Bruno},
title = {{Cognitive consonance: complex brain functions in the fruit fly and its relatives}},
journal = {Trends in neurosciences},
year = {2004}
}

@webpage{Anonymous:wHpMOM8E,
year = {0}
}

@article{Bayar:Frjn8fGPba,
author = {{Bayar}},
title = {{Desktop}},
year = {0}
}

@article{Lazar:2009cpba,
author = {Lazar, Andreea and Pipa, Gordon and Triesch, Jochen},
title = {{SORN: a self-organizing recurrent neural network}},
journal = {Frontiers in Computational Neuroscience},
year = {2009}
}

@article{Seung:2000klbacadaeafaga,
author = {Seung, H Sebastian and Lee, Daniel D and Reis, Ben Y and Tank, David W},
title = {{Stability of the Memory of Eye Position in a Recurrent Network of Conductance-Based Model Neurons}},
journal = {Neuron},
year = {2000}
}

@webpage{Anonymous:aVkWAwQX,
title = {{New Tab Redirect}},
year = {0}
}

@article{Buonomano:2009vgba,
author = {Buonomano, D V},
title = {{Harnessing Chaos in Recurrent Neural Networks}},
journal = {Neuron},
year = {2009}
}

@webpage{Kennedy:0HekmfIS,
author = {Kennedy, Ann},
title = {{Representation and learning in Drosophila}},
year = {2015}
}

@article{Laurent:2007go,
author = {Cassenaer, Stijn and Laurent, Gilles},
title = {{Hebbian STDP in mushroom bodies facilitates the synchronous flow of olfactory information in locusts}},
journal = {Nature},
year = {2007}
}

@article{Hemptinne:2015ehba,
author = {de Hemptinne, Coralie and Swann, Nicole C and Ostrem, Jill L and Ryapolova-Webb, Elena S and Luciano, Marta San and Galifianakis, Nicholas B and Starr, Philip A},
title = {{Therapeutic deep brain stimulation reduces cortical phase-amplitude coupling in Parkinson's disease}},
journal = {Nature Neuroscience},
year = {2015}
}

@article{Turner:2008eoba,
author = {Turner, Glenn C and Bazhenov, Maxim and Laurent, Gilles},
title = {{Olfactory Representations by Drosophila Mushroom Body Neurons}},
journal = {Journal of Neurophysiology},
year = {2008}
}

@article{Bayar:uGBkjFYDba,
author = {{Bayar}},
title = {{Transfer Proposal2}},
year = {0}
}

@article{Linster:2006dvba,
author = {Fellous, Jean-Marc and Linster, Christiane},
title = {{Computational Models of Neuromodulation}},
journal = {dx.doi.org},
year = {2006}
}

@article{Markram:2004dv,
author = {Maass, Wolfgang and Markram, Henry},
title = {{On the computational power of circuits of spiking neurons}},
journal = {Journal of computer and system sciences},
year = {2004}
}

@article{Anonymous:0tr,
title = {{Richard S. Sutton}},
journal = {Wikipedia},
year = {0}
}

@article{Seung:2000klbacadaeafaga,
author = {Seung, H Sebastian and Lee, Daniel D and Reis, Ben Y and Tank, David W},
title = {{Stability of the Memory of Eye Position in a Recurrent Network of Conductance-Based Model Neurons}},
journal = {Neuron},
year = {2000}
}

@article{Nitz:2007cgba,
author = {Nitz, Douglas A and Kargo, William J and Fleischer, Jason},
title = {{Dopamine signaling and the distal reward problem}},
journal = {NeuroReport},
year = {2007}
}

@webpage{Anonymous:1TJyBr7Qba,
year = {0}
}

@article{Hopfield:2003hmba,
author = {Brody, Carlos D and Hopfield, J J},
title = {{Simple Networks for Spike-Timing-Based Computation, with Application to Olfactory Processing}},
journal = {Neuron},
year = {2003}
}

@booklet{Barto:1998vn,
title = {{Introduction to reinforcement learning}}
}

@article{Anonymous:aMb7Bjpfba,
title = {{Modulation of neural networks for behavior}},
year = {0}
}

@article{Niewalda:2008bmba,
author = {Niewalda, Thomas and Singhal, Nidhi and Fiala, Andr{\'e} and Saumweber, Timo and Wegener, Stephanie and Gerber, Bertram},
title = {{Salt processing in larval Drosophila: choice, feeding, and learning shift from appetitive to aversive in a concentration-dependent way.}},
journal = {Chemical Senses},
year = {2008}
}

@article{Pawlak:2010cnba,
author = {Pawlak, Verena and Wickens, Jeffery R and Kirkwood, Alfredo and Kerr, Jason N D},
title = {{Timing is not Everything: Neuromodulation Opens the STDP Gate}},
journal = {Frontiers in Synaptic Neuroscience},
year = {2010}
}

@article{Bayar:KuHSrSYdba,
author = {{Bayar}},
title = {{Transfer Proposal}},
year = {0}
}

@article{Fr√©maux:2013ws,
author = {Fr{\'e}maux, Nicolas},
title = {{Models of Reward-Modulated Spike-Timing-Dependent Plasticity}},
year = {2013}
}

@article{Hige:2015erba,
author = {Hige, Toshihide and Aso, Yoshinori and Rubin, Gerald M and Turner, Glenn C},
title = {{Plasticity-driven individualization of olfactory coding in mushroom body output neurons}},
journal = {Nature},
year = {2015}
}

@article{Krashes:2010iuba,
author = {Krashes, Michael J and DasGupta, Shamik and Vreede, Andrew and White, Benjamin and Armstrong, J Douglas and Waddell, Scott},
title = {{A Neural Circuit Mechanism Integrating Motivational State with Memory Expression in Drosophila}},
journal = {Cell},
year = {2010}
}

@webpage{Anonymous:zMKrKtPJba,
title = {{Computational model of neuromodualtion}},
year = {0}
}

@article{Abbott:2005fc,
author = {Vogels, Tim P and Abbott, L F},
title = {{Signal propagation and logic gating in networks of integrate-and-fire neurons.}},
journal = {The Journal of neuroscience : the official journal of the Society for Neuroscience},
year = {2005}
}

@webpage{Anonymous:bOjkkrqBba,
year = {0}
}

@webpage{Anonymous:w2asPpdvba,
year = {0}
}

@article{Fr√©maux:2013hl,
author = {Fr{\'e}maux, Nicolas and Graham, Lyle J and Sprekeler, Henning and Gerstner, Wulfram},
title = {{Reinforcement Learning Using a Continuous Time Actor-Critic Framework with Spiking Neurons}},
journal = {PLOS Computational Biology},
year = {2013}
}

@article{Lazar:2009cpba,
author = {Lazar, Andreea and Pipa, Gordon and Triesch, Jochen},
title = {{SORN: a self-organizing recurrent neural network.}},
journal = {Frontiers in Computational Neuroscience},
year = {2009}
}

@article{Theunissen:1999hwba,
author = {Borst, Alexander and Theunissen, Fr{\'e}d{\'e}ric E},
title = {{Information theory and neural coding}},
journal = {Nature Neuroscience},
year = {1999}
}

@article{Anonymous:2012fuba,
title = {{Parameter extraction and classification of three cortical neuron types reveals two distinct adaptation mechanisms}},
journal = {Journal of Neurophysiology},
year = {2012}
}

@article{Anonymous:XkU5rIAGba,
title = {{Mushroom body output neurons encode valence and guide memory-based action selection in Drosophila | eLife Lens}},
year = {0}
}

@article{Seung:2000klbacadaeafaga,
author = {Seung, H Sebastian and Lee, Daniel D and Reis, Ben Y and Tank, David W},
title = {{Stability of the Memory of Eye Position in a Recurrent Network of Conductance-Based Model Neurons}},
journal = {Neuron},
year = {2000}
}

@article{Osborne:2010buba,
author = {Osborne, J M and Walter, A and Kershaw, S K and Mirams, G R and Fletcher, A G and Pathmanathan, P and Gavaghan, D and Jensen, O E and Maini, P K and Byrne, H M},
title = {{A hybrid approach to multi-scale modelling of cancer}},
journal = {Philosophical Transactions of the Royal Society A: Mathematical, Physical and Engineering Sciences},
year = {2010}
}

@article{Perisse:2013fpba,
author = {Perisse, Emmanuel and Burke, Christopher and Huetteroth, Wolf and Waddell, Scott},
title = {{Shocking Revelations and Saccharin Sweetness in the Study of Drosophila Olfactory Memory}},
journal = {Current Biology},
year = {2013}
}

@article{Beard:2015ww,
author = {Mathis, S and Beard, A},
title = {{Cherry/Upon the Coughing Up of my Lung}},
journal = {Manuscripts},
year = {2015}
}

@webpage{Anonymous:5ScF7kXc,
year = {0}
}

@article{Schmuker:2013hs,
author = {Kasap, Bahadir and Schmuker, Michael},
title = {{Improving odor classification through self-organized lateral inhibition in a spiking olfaction-inspired network}},
journal = {Neural Engineering (NER)},
year = {2013}
}

@article{Anonymous:ibAdPavVba,
title = {{Discrete cellular level modelling using dynamic reference states}},
year = {2014}
}

@article{Moreno-Bote:2014jdba,
author = {Moreno-Bote, Rub{\'e}n and Beck, Jeffrey and Kanitscheider, Ingmar and Pitkow, Xaq and Latham, Peter and Pouget, Alexandre},
title = {{Information-limiting correlations}},
journal = {Nature Neuroscience},
year = {2014}
}

@article{Wang:2014tlba,
author = {Su, C Y and Wang, J W},
title = {{Modulation of neural circuits: how stimulus context shapes innate behavior in\emph{ Drosophila}}},
journal = {Current opinion in neurobiology},
year = {2014}
}

@article{Kleberg:2014cabaca,
author = {Kleberg, Florence I and Fukai, Tomoki and Gilson, Matthieu},
title = {{Excitatory and inhibitory STDP jointly tune feedforward neural circuits to selectively propagate correlated spiking activity}},
journal = {Front Comput Neurosci},
year = {2014}
}

@article{Potjans:2010ivba,
author = {Potjans, Wiebke and Morrison, Abigail and Diesmann, Markus},
title = {{Enabling Functional Neural Circuit Simulations with Distributed Computing of Neuromodulated Plasticity}},
journal = {Frontiers in Computational Neuroscience},
year = {2010}
}

@article{Anonymous:2006czbacadaea,
title = {{The tempotron: a neuron that learns spike timing|[ndash]|based decisions}},
journal = {Nature Neuroscience},
year = {2006}
}

@article{Anonymous:73L9Kk4I,
title = {{Any idea of how the nuclear deal with Iran will impact Syria? {\textbullet} /r/syriancivilwar}},
year = {0}
}

@article{Mirams:2013itba,
author = {Mirams, Gary R and Prlic, Andreas and Arthurs, Christopher J and Bernabeu, Miguel O and Bordas, Rafel and Cooper, Jonathan and Corrias, Alberto and Davit, Yohan and Dunn, Sara-Jane and Fletcher, Alexander G and Harvey, Daniel G and Marsh, Megan E and Osborne, James M and Pathmanathan, Pras and Pitt-Francis, Joe and Southern, James and Zemzemi, Nejib and Gavaghan, David J},
title = {{Chaste: An Open Source C++ Library for Computational Physiology and Biology}},
journal = {PLOS Computational Biology},
year = {2013}
}

@article{Saha:2015gmba,
author = {Saha, Debajit and Li, Chao and Peterson, Steven and Padovano, William and Katta, Nalin and Raman, Baranidharan},
title = {{Behavioural correlates of combinatorial versus temporal features of odour codes}},
journal = {Nature Communications},
year = {2015}
}

@article{Florian:2007czba,
author = {Florian, R{\u{a}}zvan V},
title = {{Reinforcement learning through modulation of spike-timing-dependent synaptic plasticity.}},
journal = {Neural computation},
year = {2007}
}

@article{Honda:2001jqba,
author = {Nagai, Tatsuzo and Honda, Hisao},
title = {{A dynamic cell model for the formation of epithelial tissues}},
journal = {Philosophical Magazine Part B},
year = {2001}
}

@article{Stopfer:2003ewba,
author = {Stopfer, Mark and Jayaraman, Vivek and Laurent, Gilles},
title = {{Intensity versus Identity Coding in an Olfactory System}},
journal = {Neuron},
year = {2003}
}

@article{Stopfer:2014ggba,
author = {Stopfer, Mark},
title = {{Central processing in the mushroom bodies}},
journal = {Current Opinion in Insect Science},
year = {2014}
}

@article{Waddell:2013fuba,
author = {Waddell, Scott},
title = {{Reinforcement signalling in Drosophila; dopamine does it all after all}},
journal = {Current opinion in neurobiology},
year = {2013}
}

@article{Sussillo:2009ghba,
author = {Sussillo, David and Abbott, L F},
title = {{Generating Coherent Patterns of Activity from Chaotic Neural Networks}},
journal = {Neuron},
year = {2009}
}

@article{Abbott:2000ggba,
author = {Abbott, L F and Song, Sen and Miller, Kenneth D},
title = {{Competitive Hebbian learning through spike-timing-dependent synaptic plasticity. - PubMed - NCBI}},
journal = {Nature Neuroscience},
year = {2000}
}

@article{Anonymous:2014ftbacadaeafaga,
title = {{Formation and maintenance of neuronal assemblies through synaptic plasticity}},
journal = {Nature Communications},
year = {2014}
}

@article{Pawlak:2010cnba,
author = {Pawlak, Verena},
title = {{Timing is not Everything: Neuromodulation Opens the STDP Gate. - PubMed - NCBI}},
journal = {Frontiers in Synaptic Neuroscience},
year = {2010}
}

@article{Hu:2010ku,
author = {Hu, Aiqun and Zhang, Wei and Wang, Zuoren},
title = {{Functional feedback from mushroom bodies to antennal lobes in the Drosophila olfactory pathway.}},
journal = {Proceedings of the National Academy of Sciences of the United States of America},
year = {2010}
}

@article{Sussillo:2014dyba,
author = {Sussillo, David},
title = {{Neural circuits as computational dynamical systems}},
journal = {Current opinion in neurobiology},
year = {2014}
}

@article{Chiang:2011gjba,
author = {Chiang, Ann-Shyn and Lin, Chih-Yung and Chuang, Chao-Chun and Chang, Hsiu-Ming and Hsieh, Chang-Huain and Yeh, Chang-Wei and Shih, Chi-Tin and Wu, Jian-Jheng and Wang, Guo-Tzau and Chen, Yung-Chang and Wu, Cheng-Chi and Chen, Guan-Yu and Ching, Yu-Tai and Lee, Ping-Chang and Lin, Chih-Yang and Lin, Hui-Hao and Wu, Chia-Chou and Hsu, Hao-Wei and Huang, Yun-Ann and Chen, Jing-Yi and Chiang, Hsin-Jung and Lu, Chun-Fang and Ni, Ru-Fen and Yeh, Chao-Yuan and Hwang, Jenn-Kang},
title = {{Three-Dimensional Reconstruction of Brain-wide Wiring Networks in Drosophila at Single-Cell Resolution}},
journal = {Current Biology},
year = {2011}
}

@article{Anonymous:2014ftbacadaeafaga,
title = {{Formation and maintenance of neuronal assemblies through synaptic plasticity}},
journal = {Nature Communications},
year = {2014}
}

@article{Anonymous:1999ckba,
title = {{Book Reviews}},
journal = {Journal of Cognitive Neuroscience},
year = {1999}
}

@article{Huerta:2014kbba,
author = {Mosqueiro, Thiago S and Huerta, Ram{\'o}n},
title = {{Computational models to understand decision making and pattern recognition in the insect brain}},
journal = {Current Opinion in Insect Science},
year = {2014}
}

@article{Krashes:2009iuba,
author = {Krashes, Michael J and DasGupta, Shamik and Vreede, Andrew and White, Benjamin and Armstrong, J Douglas and Waddell, Scott},
title = {{A neural circuit mechanism integrating motivational state with memory expression in Drosophila.}},
journal = {Cell},
year = {2009}
}

@webpage{Huerta:0hxbacadaeafaga,
title = {{Computational models to understand decision making and pattern recognition in the insect brain}},
year = {0}
}

@article{Steil:2013hiba,
author = {Soltoggio, Andrea and Steil, Jochen J},
title = {{Solving the Distal Reward Problem with Rare Correlations}},
journal = {dx.doi.org},
year = {2013}
}

@article{Seung:2000klbacadaeafaga,
author = {Seung, H Sebastian and Lee, Daniel D and Reis, Ben Y and Tank, David W},
title = {{Stability of the Memory of Eye Position in a Recurrent Network of Conductance-Based Model Neurons}},
journal = {Neuron},
year = {2000}
}

@webpage{Anonymous:+vfB8I+0ba,
year = {0}
}

@webpage{Anonymous:JIAXM5ZG,
title = {{dean potter - Google Search}},
year = {0}
}

@webpage{Anonymous:sitRBEMOba,
title = {{www.sport.ro}},
year = {0}
}

@article{Waddell:2010iwba,
author = {Waddell, Scott},
title = {{Dopamine reveals neural circuit mechanisms of fly memory}},
journal = {Trends in neurosciences},
year = {2010}
}

@article{Anonymous:v0werOQ2,
title = {{Just For Fun}},
year = {0}
}

@article{Datta:2008cqba,
author = {Datta, Sandeep Robert and Vasconcelos, Maria Luisa and Ruta, Vanessa and Luo, Sean and Wong, Allan and Demir, Ebru and Flores, Jorge and Balonze, Karen and Dickson, Barry J and Axel, Richard},
title = {{The Drosophila pheromone cVA activates a sexually dimorphic neural circuit}},
journal = {Nature},
year = {2008}
}

@article{Maass:2007bg,
author = {Legenstein, Robert and Maass, Wolfgang},
title = {{Edge of chaos and prediction of computational performance for neural circuit models}},
journal = {Neural Networks},
year = {2007}
}

@article{Carlson:2006iu,
author = {Hallem, Elissa A and Carlson, John R},
title = {{Coding of odors by a receptor repertoire.}},
journal = {Cell},
year = {2006}
}

@article{Vogels:2011erba,
author = {Vogels, T P and Sprekeler, H and Zenke, F and Clopath, C and Gerstner, W},
title = {{Inhibitory plasticity balances excitation and inhibition in sensory pathways and memory networks.}},
journal = {Science},
year = {2011}
}

@article{Seung:2000klbacadaeafaga,
author = {Seung, H Sebastian and Lee, Daniel D and Reis, Ben Y and Tank, David W},
title = {{Stability of the Memory of Eye Position in a Recurrent Network of Conductance-Based Model Neurons}},
journal = {Neuron},
year = {2000}
}

@article{Zhou:2012uzba,
author = {Lazar, A A and Zhou, Y},
title = {{Massively parallel neural encoding and decoding of visual stimuli}},
journal = {Neural Networks},
year = {2012}
}

@article{Anonymous:2012fuba,
title = {{Parameter extraction and classification of three cortical neuron types reveals two distinct adaptation mechanisms}},
journal = {American Physiological Society},
year = {2012}
}

@article{Anonymous:VoDPJU4/,
title = {{Functional feedback from mushroom bodies to antennal lobes in the Drosophila olfactory pathway}},
year = {0}
}

@article{Borst:2007gzba,
author = {Borst, Alexander},
title = {{Correlation versus gradient type motion detectors: the pros and cons}},
journal = {Philosophical Transactions of the Royal Society B: Biological Sciences},
year = {2007}
}

@article{Botvinick:2009jwba,
author = {Botvinick, Matthew M and Niv, Yael and Barto, Andrew C},
title = {{Hierarchically organized behavior and its neural foundations: A reinforcement learning perspective}},
journal = {Cognition},
year = {2009}
}

@article{Anonymous:2014hnba,
title = {{201213301 16449..16454}},
year = {2014}
}

@webpage{Anonymous:3Uv5/JMtba,
year = {0}
}

@article{Aso:2014wmba,
author = {Aso, Y and Hattori, D and Yu, Y and Johnston, R M and Iyer, N A and Ngo, TTB},
title = {{The neuronal architecture of the mushroom body provides a logic for associative learning}},
journal = {Elife},
year = {2014}
}

@article{Farkhooi:2013bzba,
author = {Farkhooi, Farzad and Gutkin, Boris S and Froese, Anja and Muller, Eilif and Menzel, Randolf and Nawrot, Martin P},
title = {{Cellular Adaptation Facilitates Sparse and Reliable Coding in Sensory Pathways}},
journal = {PLOS Computational Biology},
year = {2013}
}

@article{Seung:2000klbacadaeafaga,
author = {Seung, H Sebastian and Lee, Daniel D and Reis, Ben Y and Tank, David W},
title = {{Stability of the Memory of Eye Position in a Recurrent Network of Conductance-Based Model Neurons}},
journal = {Neuron},
year = {2000}
}

@article{Lin:2014iobaca,
author = {Lin, Andrew C and Bygrave, Alexei M and de Calignon, Alix and Lee, Tzumin and Miesenb{\"o}ck, Gero},
title = {{Sparse, decorrelated odor coding in the mushroom body enhances learned odor discrimination.}},
journal = {Nature Neuroscience},
year = {2014}
}

@article{Nowotny:2014wlba,
author = {Nowotny, Thomas},
title = {{Decoding temporal information through slow lateral excitation in the olfactory system of insects}},
year = {2014}
}
