%% Created using Papers on Mon, 12 Oct 2015.
%% http://papersapp.com/papers/

@article{Potjans:2010iv,
author = {Potjans, Wiebke and Morrison, Abigail and Diesmann, Markus},
title = {{Enabling Functional Neural Circuit Simulations with Distributed Computing of Neuromodulated Plasticity}},
journal = {Frontiers in Computational Neuroscience},
year = {2010},
volume = {4}
}

@article{Vogels:2005fc,
author = {Vogels, Tim P and Abbott, L F},
title = {{Signal propagation and logic gating in networks of integrate-and-fire neurons.}},
journal = {The Journal of neuroscience : the official journal of the Society for Neuroscience},
year = {2005},
volume = {25},
number = {46},
pages = {10786--10795},
month = nov
}

@article{Krashes:2010iu,
author = {Krashes, Michael J and DasGupta, Shamik and Vreede, Andrew and White, Benjamin and Armstrong, J Douglas and Waddell, Scott},
title = {{A Neural Circuit Mechanism Integrating Motivational State with Memory Expression in Drosophila}},
journal = {Cell},
year = {2010},
volume = {139},
number = {2},
pages = {416--427}
}

@article{Luo:2010fb,
author = {Luo, Sean X and Axel, Richard and Abbott, L F},
title = {{Generating sparse and selective third-order responses in the olfactory system of the fly.}},
journal = {Proceedings of the National Academy of Sciences},
year = {2010},
volume = {107},
number = {23},
pages = {10713--10718},
month = jun
}

@article{Stopfer:2014gg,
author = {Stopfer, Mark},
title = {{Central processing in the mushroom bodies}},
journal = {Current Opinion in Insect Science},
year = {2014},
volume = {6},
pages = {99--103},
month = dec
}

@article{Anonymous:ZpRit2ml
}

@article{Osborne:2010bu,
author = {Osborne, J M and Walter, A and Kershaw, S K and Mirams, G R and Fletcher, A G and Pathmanathan, P and Gavaghan, D and Jensen, O E and Maini, P K and Byrne, H M},
title = {{A hybrid approach to multi-scale modelling of cancer}},
journal = {Philosophical Transactions of the Royal Society A: Mathematical, Physical and Engineering Sciences},
year = {2010},
volume = {368},
number = {1930},
pages = {5013--5028},
month = oct
}

@webpage{Anonymous:bOjkkrqB
}

@article{Lin:2014ioba,
author = {Lin, Andrew C and Bygrave, Alexei M and de Calignon, Alix and Lee, Tzumin and Miesenb{\"o}ck, Gero},
title = {{Sparse, decorrelated odor coding in the mushroom body enhances learned odor discrimination.}},
journal = {Nature Neuroscience},
year = {2014},
volume = {17},
number = {4},
pages = {559--568},
month = apr
}

@webpage{Fisek:2014tt,
author = {Fisek, Mehmet},
title = {{Connectivity and computations in higher-order olfactory neurons Drosophila}},
year = {2014},
url = {http://dash.harvard.edu/bitstream/handle/1/12274607/Fisek_gsas.harvard_0084L_11534.pdf?sequence=1}
}

@article{Glimcher:2011he,
author = {Glimcher, Paul W},
title = {{Understanding dopamine and reinforcement learning: the dopamine reward prediction error hypothesis.}},
journal = {Proceedings of the National Academy of Sciences of the United States of America},
year = {2011},
volume = {108 Suppl 3},
number = {Supplement 3},
pages = {15647--15654},
month = sep
}

@article{Sompolinsky:2006cz,
author = {G{\"u}tig, Robert and Sompolinsky, Haim},
title = {{The tempotron: a neuron that learns spike timing|[ndash]|based decisions}},
journal = {Nature Neuroscience},
year = {2006},
volume = {9},
number = {3},
pages = {420--428},
month = mar
}

@article{Seung:2000klbacadaea,
author = {Seung, H Sebastian and Lee, Daniel D and Reis, Ben Y and Tank, David W},
title = {{Stability of the Memory of Eye Position in a Recurrent Network of Conductance-Based Model Neurons}},
journal = {Neuron},
year = {2000},
volume = {26},
number = {1},
pages = {259--271},
month = apr
}

@article{Campbell:2013fb,
author = {Campbell, Robert A A and Honegger, Kyle S and Qin, Hongtao and Li, Wanhe and Demir, Ebru and Turner, Glenn C},
title = {{Imaging a population code for odor identity in the Drosophila mushroom body.}},
journal = {The Journal of neuroscience : the official journal of the Society for Neuroscience},
year = {2013},
volume = {33},
number = {25},
pages = {10568--10581},
month = jun
}

@article{Silva:wj,
author = {Silva, Bryon and xe1, Molina-Fern and ndez, Claudia and Ugalde, Mar xed and Beatriz, a and Tognarelli, Eduardo I and Angel, Cristian and Campusano, Jorge M},
title = {{Muscarinic ACh Receptors Contribute to Aversive Olfactory Learning in <i>Drosophila</i>}},
journal = {Neural Plasticity}
}

@webpage{Anonymous:xr6lnmeJ,
url = {http://www.pnas.org/content/80/5/1482.full.pdf}
}

@article{Schmuker:0hs,
author = {Kasap, B and Schmuker, M},
title = {{Improving odor classification through self-organized lateral inhibition in a spiking olfaction-inspired network}},
journal = {2013 6th International IEEE/EMBS Conference on Neural Engineering (NER)},
pages = {219--222}
}

@article{Fr√©maux:2010fz,
author = {Fr{\'e}maux, Nicolas and Sprekeler, Henning and Gerstner, Wulfram},
title = {{Functional requirements for reward-modulated spike-timing-dependent plasticity.}},
journal = {The Journal of neuroscience : the official journal of the Society for Neuroscience},
year = {2010},
volume = {30},
number = {40},
pages = {13326--13337},
month = oct
}

@article{Anonymous:2012fua,
title = {{Parameter extraction and classification of three cortical neuron types reveals two distinct adaptation mechanisms}},
year = {2012},
volume = {107},
number = {6},
pages = {1756--1775},
month = mar
}

@article{Pitman:2011ka,
author = {Pitman, Jena L and Huetteroth, Wolf and Burke, Christopher J and Krashes, Michael J and Lai, Sen-Lin and Lee, Tzumin and Waddell, Scott},
title = {{A Pair of Inhibitory Neurons Are Required to Sustain Labile Memory in the Drosophila Mushroom Body}},
journal = {Current Biology},
year = {2011},
volume = {21},
number = {10},
pages = {855--861},
month = may
}

@article{Fremaux:2010fz,
author = {Fr{\'e}maux, Nicolas and Sprekeler, Henning and Gerstner, Wulfram},
title = {{Functional requirements for reward-modulated spike-timing-dependent plasticity.}},
journal = {The Journal of neuroscience : the official journal of the Society for Neuroscience},
year = {2010},
volume = {30},
number = {40},
pages = {13326--13337},
month = oct
}

@article{Cleland:2010iz,
author = {Linster, Christiane and Cleland, Thomas A},
title = {{Decorrelation of Odor Representations via Spike Timing-Dependent Plasticity.}},
journal = {Frontiers in Computational Neuroscience},
year = {2010},
volume = {4},
pages = {157}
}

@article{Kasap:2013hs,
author = {Kasap, Bahadir and Schmuker, Michael},
title = {{Improving odor classification through self-organized lateral inhibition in a spiking olfaction-inspired network}},
journal = {Neural Engineering (NER)},
year = {2013},
pages = {219--222}
}

@article{Nowotny:QF_2gK3a,
author = {Litwin-Kumar, Ashok and Doiron, Brent},
title = {{Formation and maintenance of neuronal assemblies through synaptic plasticity}},
journal = {Nature Communications},
year = {2014},
volume = {5},
pages = {5319},
month = nov
}

@article{Masse:2009jr,
author = {Masse, Nicolas Y and Turner, Glenn C and Jefferis, Gregory S X E},
title = {{Olfactory Information Processing in Drosophila}},
journal = {Current Biology},
year = {2009},
volume = {19},
number = {16},
pages = {R700--R713},
month = aug
}

@article{Caron:2013cb,
author = {Caron, Sophie J C and Ruta, Vanessa and Abbott, L F and Axel, Richard},
title = {{Random convergence of olfactory inputs in the Drosophila mushroom body}},
journal = {Nature},
year = {2013},
volume = {497},
number = {7447},
pages = {113--117},
month = may
}

@webpage{Huerta:0hxbacada,
title = {{Computational models to understand decision making and pattern recognition in the insect brain}}
}

@article{Stollenga:2014tl,
author = {Stollenga, Marijn and Masci, Jonathan and Gomez, Faustino and Schmidhuber, Juergen},
title = {{Deep Networks with Internal Selective Attention through Feedback Connections}},
journal = {arXiv.org},
year = {2014},
eprint = {1407.3068},
eprinttype = {arxiv},
month = jul
}

@webpage{Anonymous:sWp0WLbQ,
title = {{LiveLeak.com - Channel: Syria}},
url = {http://www.liveleak.com/c/syria}
}

@article{Diesmann:1999in,
author = {Diesmann, Markus and Gewaltig, Marc-Oliver and Aertsen, Ad},
title = {{Stable propagation of synchronous spiking in cortical neural networks}},
journal = {Nature},
year = {1999},
volume = {402},
number = {6761},
pages = {529--533},
month = dec
}

@article{Lazar:2009cp,
author = {Lazar, Andreea and Pipa, Gordon and Triesch, Jochen},
title = {{SORN: a self-organizing recurrent neural network.}},
journal = {Frontiers in Computational Neuroscience},
year = {2009},
volume = {3},
pages = {23}
}

@article{Kirkhart:2015ea,
author = {Kirkhart, Colleen and Scott, Kristin},
title = {{Gustatory learning and processing in the Drosophila mushroom bodies.}},
journal = {The Journal of neuroscience : the official journal of the Society for Neuroscience},
year = {2015},
volume = {35},
number = {15},
pages = {5950--5958},
month = apr
}

@article{Anonymous:2006czba,
title = {{The tempotron: a neuron that learns spike timing|[ndash]|based decisions}},
year = {2006},
volume = {9},
number = {3},
pages = {420--428},
month = mar
}

@article{Chiang:2011gj,
author = {Chiang, Ann-Shyn and Lin, Chih-Yung and Chuang, Chao-Chun and Chang, Hsiu-Ming and Hsieh, Chang-Huain and Yeh, Chang-Wei and Shih, Chi-Tin and Wu, Jian-Jheng and Wang, Guo-Tzau and Chen, Yung-Chang and Wu, Cheng-Chi and Chen, Guan-Yu and Ching, Yu-Tai and Lee, Ping-Chang and Lin, Chih-Yang and Lin, Hui-Hao and Wu, Chia-Chou and Hsu, Hao-Wei and Huang, Yun-Ann and Chen, Jing-Yi and Chiang, Hsin-Jung and Lu, Chun-Fang and Ni, Ru-Fen and Yeh, Chao-Yuan and Hwang, Jenn-Kang},
title = {{Three-Dimensional Reconstruction of Brain-wide Wiring Networks in Drosophila at Single-Cell Resolution}},
journal = {Current Biology},
year = {2011},
volume = {21},
number = {1},
pages = {1--11},
month = jan
}

@article{Abbott:2012ip,
author = {Churchland, Mark M and Abbott, L F},
title = {{Two layers of neural variability}},
journal = {Nature Neuroscience},
year = {2012},
volume = {15},
number = {11},
pages = {1472--1474},
month = nov
}

@article{Farooqui:2007cf,
author = {Farooqui, Tahira},
title = {{Octopamine-Mediated Neuromodulation of Insect Senses}},
journal = {Neurochemical research},
year = {2007},
volume = {32},
number = {9},
pages = {1511--1529}
}

@webpage{Faghihi:0wi,
author = {Faghihi, Faramarz},
title = {{Biophysical Modeling of Information Processing in the \emph{Drosophila }Olfactory System 
}},
url = {http://d-nb.info/1050288653/34}
}

@article{Savin:2010fz,
author = {Savin, Cristina and Joshi, Prashant and Triesch, Jochen},
title = {{Independent Component Analysis in Spiking Neurons}},
journal = {PLOS Computational Biology},
year = {2010},
volume = {6},
number = {4},
pages = {e1000757},
month = apr
}

@webpage{Anonymous:zrtuQiWV,
title = {{IEEE Xplore Full-Text PDF:}},
url = {http://ieeexplore.ieee.org/stamp/stamp.jsp?tp=&arnumber=6797856}
}

@webpage{Anonymous:zMKrKtPJ,
title = {{Computational model of neuromodualtion}},
url = {http://cnl.salk.edu/~fellous/pubs/neuromod.pdf}
}

@article{Hemptinne:2015eh,
author = {de Hemptinne, Coralie and Swann, Nicole C and Ostrem, Jill L and Ryapolova-Webb, Elena S and Luciano, Marta San and Galifianakis, Nicholas B and Starr, Philip A},
title = {{Therapeutic deep brain stimulation reduces cortical phase-amplitude coupling in Parkinson's disease}},
journal = {Nature Neuroscience},
year = {2015},
volume = {18},
number = {5},
pages = {779--786},
month = apr
}

@article{Anonymous:wj,
title = {{Yahoo News - Latest News {\&} Headlines}}
}

@article{Freitas:2011vd,
author = {Knoll, Byron and de Freitas, Nando},
title = {{A Machine Learning Perspective on Predictive Coding with PAQ}},
journal = {arXiv.org},
year = {2011},
eprint = {1108.3298v1},
eprinttype = {arxiv},
eprintclass = {cs.LG},
month = aug
}

@article{Anonymous:vh,
title = {{Functional feedback from mushroom bodies to antennal lobes in the Drosophila olfactory pathway}}
}

@article{Perisse:2013fpa,
author = {Perisse, Emmanuel and Burke, Christopher and Huetteroth, Wolf and Waddell, Scott},
title = {{Shocking Revelations and Saccharin Sweetness in the Study of Drosophila Olfactory Memory}},
journal = {Current Biology},
year = {2013},
volume = {23},
number = {17},
pages = {R752--R763},
month = sep
}

@article{Vogels:2011er,
author = {Vogels, T P and Sprekeler, H and Zenke, F and Clopath, C and Gerstner, W},
title = {{Inhibitory plasticity balances excitation and inhibition in sensory pathways and memory networks.}},
journal = {Science},
year = {2011},
volume = {334},
number = {6062},
pages = {1569--1573},
month = dec
}

@article{Anonymous:2014ftbacadaea,
title = {{Formation and maintenance of neuronal assemblies through synaptic plasticity}},
year = {2014},
volume = {5},
month = nov
}

@article{Jacobs:2009bh,
author = {Jacobs, Adam L and Fridman, Gene and Douglas, Robert M and Alam, Nazia M and Latham, Peter E and Prusky, Glen T and Nirenberg, Sheila},
title = {{Ruling out and ruling in neural codes.}},
journal = {Proceedings of the National Academy of Sciences of the United States of America},
year = {2009},
volume = {106},
number = {14},
pages = {5936--5941},
month = apr
}

@article{Anonymous:2012fu,
title = {{Parameter extraction and classification of three cortical neuron types reveals two distinct adaptation mechanisms}},
year = {2012},
volume = {107},
number = {6},
pages = {1756--1775},
month = mar
}

@webpage{Anonymous:AxZZaRcE,
title = {{New Tab Redirect}},
url = {chrome-extension://icpgjfneehieebagbmdbhnlpiopdcmna/main.html}
}

@article{Bartos:2002dk,
author = {Bartos, M and Vida, I and Frotscher, M and Meyer, A and Monyer, H and Geiger, J R P and Jonas, P},
title = {{Fast synaptic inhibition promotes synchronized gamma oscillations in hippocampal interneuron networks}},
journal = {Proceedings of the National Academy of Sciences},
year = {2002},
volume = {99},
number = {20},
pages = {13222--13227},
month = sep
}

@article{Niewalda:2008bm,
author = {Niewalda, Thomas and Singhal, Nidhi and Fiala, Andr{\'e} and Saumweber, Timo and Wegener, Stephanie and Gerber, Bertram},
title = {{Salt processing in larval Drosophila: choice, feeding, and learning shift from appetitive to aversive in a concentration-dependent way.}},
journal = {Chemical Senses},
year = {2008},
volume = {33},
number = {8},
pages = {685--692},
month = oct
}

@article{Aso:2014ft,
author = {Aso, Yoshinori and Hattori, Daisuke and Yu, Yang and Johnston, Rebecca M and Iyer, Nirmala A and Ngo, Teri-TB and Dionne, Heather and Abbott, L F and Axel, Richard and Tanimoto, Hiromu and Rubin, Gerald M},
title = {{Author response}},
journal = {eLife},
year = {2014},
volume = {3},
month = dec
}

@article{:2015th,
author = {{192}},
title = {{D Owald - Dopamine}},
year = {2015},
pages = {1--19},
month = aug
}

@article{Cassenaer:2007go,
author = {Cassenaer, Stijn and Laurent, Gilles},
title = {{Hebbian STDP in mushroom bodies facilitates the synchronous flow of olfactory information in locusts}},
journal = {Nature},
year = {2007},
volume = {448},
number = {7154},
pages = {709--713},
month = jun
}

@article{Abbott:2005kd,
author = {Swinehart, Christian D and Abbott, L F},
title = {{Supervised Learning Through Neuronal Response Modulation}},
journal = {Neural computation},
year = {2005},
volume = {17},
number = {3},
pages = {609--631},
month = mar
}

@webpage{Anonymous:1TJyBr7Q,
url = {http://www.cnbc.cmu.edu/cns/papers/nn1643.pdf}
}

@article{Perisse:2013fs,
author = {Perisse, Emmanuel and Yin, Yan and Lin, Andrew C and Lin, Suewei and Huetteroth, Wolf and Waddell, Scott},
title = {{Different Kenyon Cell Populations Drive Learned Approach and Avoidance in Drosophila}},
journal = {Neuron},
year = {2013},
volume = {79},
number = {5},
pages = {945--956},
month = sep
}

@article{Anonymous:C6Gs1Ctl,
title = {{how to smooth jagged illustrator - Google Search}}
}

@article{Gatys:2015ub,
author = {Gatys, Leon A and Ecker, Alexander S and Bethge, Matthias},
title = {{A Neural Algorithm of Artistic Style}},
year = {2015},
eprint = {1508.06576},
eprinttype = {arxiv},
month = aug
}

@article{Rossant:2011hb,
author = {Rossant, Cyrille and Leijon, Sara and Magnusson, Anna K and Brette, Romain},
title = {{Sensitivity of noisy neurons to coincident inputs.}},
journal = {The Journal of neuroscience : the official journal of the Society for Neuroscience},
year = {2011},
volume = {31},
number = {47},
pages = {17193--17206},
month = nov
}

@article{Honda:2001jq,
author = {Nagai, Tatsuzo and Honda, Hisao},
title = {{A dynamic cell model for the formation of epithelial tissues}},
journal = {Philosophical Magazine Part B},
year = {2001},
volume = {81},
number = {7},
pages = {699--719},
month = jul
}

@article{Tootoonian:2014vh,
author = {Tootoonian, Sina and Lengyel, Mate},
title = {{A Dual Algorithm for Olfactory Computation in the Locust Brain}},
year = {2014},
pages = {2276--2284}
}

@article{KARNIEL:2012es,
author = {KARNIEL, AMIR},
title = {{OPEN QUESTIONS IN COMPUTATIONAL MOTOR CONTROL}},
journal = {Journal of Integrative Neuroscience},
year = {2012},
volume = {10},
number = {03},
pages = {385--411},
month = apr
}

@article{Wu:2011fe,
author = {Wu, Zhihua and Guo, Aike},
title = {{A model study on the circuit mechanism underlying decision-making in Drosophila}},
journal = {Neural Networks},
year = {2011},
volume = {24},
number = {4},
pages = {333--344},
month = may
}

@article{Mirams:2012fv,
author = {Mirams, Gary R and Fletcher, Alexander G and Maini, Philip K and Byrne, Helen M},
title = {{A theoretical investigation of the effect of proliferation and adhesion on monoclonal conversion in the colonic crypt}},
journal = {Journal of Theoretical Biology},
year = {2012},
volume = {312},
pages = {143--156},
month = nov
}

@article{Hallem:2006iua,
author = {Hallem, Elissa A and Carlson, John R},
title = {{Coding of odors by a receptor repertoire.}},
journal = {Cell},
year = {2006},
volume = {125},
number = {1},
pages = {143--160},
month = apr
}

@article{Waddell:2013fu,
author = {Waddell, Scott},
title = {{Reinforcement signalling in Drosophila; dopamine does it all after all}},
journal = {Current opinion in neurobiology},
year = {2013},
volume = {23},
number = {3},
pages = {324--329},
month = jun
}

@article{Aldworth:2015dx,
author = {Aldworth, Zane N and Stopfer, Mark A},
title = {{Trade-off between information format and capacity in the olfactory system.}},
journal = {The Journal of neuroscience : the official journal of the Society for Neuroscience},
year = {2015},
volume = {35},
number = {4},
pages = {1521--1529},
month = jan
}

@article{Anonymous:1997hx,
title = {{A neural substrate of prediction and reward.}},
journal = {Science},
year = {1997},
volume = {275},
number = {5306},
pages = {1593--1599},
month = mar
}

@article{Vogels:2013bj,
author = {Vogels, T P and Froemke, R C and Doyon, N and Gilson, M and Haas, J S and Liu, R and Maffei, A and Miller, P and Wierenga, C J and Woodin, M A and Zenke, F and Sprekeler, H},
title = {{Inhibitory synaptic plasticity: spike timing-dependence and putative network function}},
journal = {Frontiers in Neural Circuits},
year = {2013},
volume = {7},
pages = {119}
}

@article{Seung:2000klbacada,
author = {Seung, H Sebastian and Lee, Daniel D and Reis, Ben Y and Tank, David W},
title = {{Stability of the Memory of Eye Position in a Recurrent Network of Conductance-Based Model Neurons}},
journal = {Neuron},
year = {2000},
volume = {26},
number = {1},
pages = {259--271},
month = apr
}

@webpage{Huerta:0hxbaca,
title = {{Computational models to understand decision making and pattern recognition in the insect brain}}
}

@article{Krashes:2009iu,
author = {Krashes, Michael J and DasGupta, Shamik and Vreede, Andrew and White, Benjamin and Armstrong, J Douglas and Waddell, Scott},
title = {{A neural circuit mechanism integrating motivational state with memory expression in Drosophila.}},
journal = {Cell},
year = {2009},
volume = {139},
number = {2},
pages = {416--427},
month = oct
}

@article{Seung:2000klba,
author = {Seung, H Sebastian and Lee, Daniel D and Reis, Ben Y and Tank, David W},
title = {{Stability of the Memory of Eye Position in a Recurrent Network of Conductance-Based Model Neurons}},
journal = {Neuron},
year = {2000},
volume = {26},
number = {1},
pages = {259--271},
month = apr
}

@article{Kelso:2009jq,
author = {Kelso, J A Scott and de Guzman, Gonzalo C and Reveley, Colin and Tognoli, Emmanuelle},
title = {{Virtual Partner Interaction (VPI): Exploring Novel Behaviors via Coordination Dynamics}},
journal = {PLOS ONE},
year = {2009},
volume = {4},
number = {6},
pages = {e5749},
month = jun
}

@article{Wang:2011gh,
author = {Wang, Sheng-Jun and Hilgetag, Claus C and Zhou, Changsong},
title = {{Sustained Activity in Hierarchical Modular Neural Networks: Self-Organized Criticality and Oscillations}},
journal = {Frontiers in Computational Neuroscience},
year = {2011},
volume = {5},
pages = {30}
}

@webpage{Anonymous:dEu7D7bU,
url = {http://www.znaturforsch.com/ac/v36c/36c0910.pdf}
}

@webpage{Kennedy:maR30BLy,
author = {Kennedy, Ann},
title = {{Representation and learning in Drosophila}},
year = {2015},
month = jan,
url = {file:///Users/MacbookPro/Downloads/Kennedy_columbia_0054D_12437%20(1).pdf}
}

@article{Dupret:2013kc,
author = {Dupret, David and O{\textquoteright}Neill, Joseph and Csicsvari, Jozsef},
title = {{Dynamic Reconfiguration of Hippocampal Interneuron Circuits during Spatial Learning}},
journal = {Neuron},
year = {2013},
volume = {78},
number = {1},
pages = {166--180},
month = apr
}

@article{Owald:2015cn,
author = {Owald, David and Felsenberg, Johannes and Talbot, Clifford B and Das, Gaurav and Perisse, Emmanuel and Huetteroth, Wolf and Waddell, Scott},
title = {{Activity of Defined Mushroom Body Output Neurons Underlies Learned Olfactory Behavior in Drosophila}},
journal = {Neuron},
year = {2015},
volume = {86},
number = {2},
pages = {417--427},
month = apr
}

@article{BrianGDias:2014gv,
author = {Brian G Dias, Kerry J Ressler},
title = {{Parental olfactory experience influences behavior and neural structure in subsequent generations}},
journal = {Nature Neuroscience},
year = {2014},
volume = {17},
number = {1},
pages = {89--96},
month = jan
}

@article{Shriki:2006cj,
author = {Shriki, Oren and Hansel, David and Sompolinsky, Haim},
title = {{Rate Models for Conductance-Based Cortical Neuronal Networks}},
journal = {dx.doi.org},
year = {2006},
volume = {15},
number = {8},
pages = {1809--1841},
month = mar
}

@article{Anonymous:2006czbacada,
title = {{The tempotron: a neuron that learns spike timing|[ndash]|based decisions}},
year = {2006},
volume = {9},
number = {3},
pages = {420--428},
month = mar
}

@article{Lazar:2009cpa,
author = {Lazar, Andreea and Pipa, Gordon and Triesch, Jochen},
title = {{SORN: a self-organizing recurrent neural network}},
journal = {Frontiers in Computational Neuroscience},
year = {2009},
volume = {3},
month = oct
}

@article{Bartos:2014dk,
title = {{Fast synaptic inhibition promotes synchronized gamma oscillations in hippocampal interneuron networks}},
year = {2002},
volume = {99},
number = {20},
pages = {13222}
}

@article{Luan:2014ky,
author = {Luan, Song and Williams, Ian and Nikolic, Konstantin and Constandinou, Timothy G},
title = {{Neuromodulation: present and emerging methods}},
journal = {Frontiers in Neuroengineering},
year = {2014},
volume = {7}
}

@article{Pawlak:2010cn,
author = {Pawlak, Verena and Wickens, Jeffery R and Kirkwood, Alfredo and Kerr, Jason N D},
title = {{Timing is not Everything: Neuromodulation Opens the STDP Gate}},
journal = {Frontiers in Synaptic Neuroscience},
year = {2010},
volume = {2},
pages = {146}
}

@article{Legenstein:2008gxa,
author = {Legenstein, Robert and Pecevski, Dejan and Maass, Wolfgang},
title = {{A Learning Theory for Reward-Modulated Spike-Timing-Dependent Plasticity with Application to Biofeedback}},
journal = {PLOS Computational Biology},
year = {2008},
volume = {4},
number = {10},
pages = {e1000180},
month = oct
}

@webpage{Anonymous:ouPUhuE3,
title = {{rob koss - Google Scholar}},
url = {https://scholar.google.co.uk/scholar?hl=en&q=rob+koss&btnG=&as_sdt=1%2C5&as_sdtp=}
}

@webpage{Anonymous:15Bekbgw,
url = {http://www.mitpressjournals.org/doi/pdf/10.1162/089976698300017476}
}

@article{Anonymous:ww,
title = {{Just For Fun}}
}

@article{Seung:2000kl,
author = {Seung, H Sebastian and Lee, Daniel D and Reis, Ben Y and Tank, David W},
title = {{Stability of the Memory of Eye Position in a Recurrent Network of Conductance-Based Model Neurons}},
journal = {Neuron},
year = {2000},
volume = {26},
number = {1},
pages = {259--271},
month = apr
}

@article{Nowotny:2014wl,
author = {Nowotny, Thomas},
title = {{Decoding temporal information through slow lateral excitation in the olfactory system of insects}},
year = {2014},
pages = {1--13},
month = oct
}

@article{Finelli:2008jm,
author = {Finelli, Luca A and Haney, Seth and Bazhenov, Maxim and Stopfer, Mark and Sejnowski, Terrence J},
title = {{Synaptic Learning Rules and Sparse Coding in a Model Sensory System}},
journal = {PLOS Computational Biology},
year = {2008},
volume = {4},
number = {4},
pages = {e1000062},
month = apr
}

@article{Sussillo:2009gh,
author = {Sussillo, David and Abbott, L F},
title = {{Generating Coherent Patterns of Activity from Chaotic Neural Networks}},
journal = {Neuron},
year = {2009},
volume = {63},
number = {4},
pages = {544--557},
month = aug
}

@article{Seung:2000klbacadaeafa,
author = {Seung, H Sebastian and Lee, Daniel D and Reis, Ben Y and Tank, David W},
title = {{Stability of the Memory of Eye Position in a Recurrent Network of Conductance-Based Model Neurons}},
journal = {Neuron},
year = {2000},
volume = {26},
number = {1},
pages = {259--271},
month = apr
}

@webpage{Anonymous:7gUn5dxF,
url = {http://thesis.library.caltech.edu/2473/1/Ofer_Mazor_Thesis.pdf}
}

@webpage{Anonymous:L-JLDW6p,
title = {{hinton.pdf}},
url = {http://www.docdroid.net/11p1b/hinton.pdf.html}
}

@article{Raizer:2015fz,
author = {Raizer, Klaus and Gudwin, Ricardo R},
title = {{A neuroscience inspired gated learning action selection mechanism}},
journal = {Biologically Inspired Cognitive Architectures},
year = {2015},
volume = {11},
pages = {65--74},
month = jan
}

@article{Kleberg:2014ca,
author = {Kleberg, Florence I and Fukai, Tomoki and Gilson, Matthieu},
title = {{Excitatory and inhibitory STDP jointly tune feedforward neural circuits to selectively propagate correlated spiking activity}},
journal = {Frontiers in Computational Neuroscience},
year = {2014},
volume = {8},
month = may
}

@article{Botvinick:2009jw,
author = {Botvinick, Matthew M and Niv, Yael and Barto, Andrew C},
title = {{Hierarchically organized behavior and its neural foundations: A reinforcement learning perspective}},
journal = {Cognition},
year = {2009},
volume = {113},
number = {3},
pages = {262--280},
month = dec
}

@article{Lin:2014ix,
author = {Lin, Suewei and Owald, David and Chandra, Vikram and Talbot, Clifford and Huetteroth, Wolf and Waddell, Scott},
title = {{Neural correlates of water reward in thirsty Drosophila}},
journal = {Nature Neuroscience},
year = {2014},
volume = {17},
number = {11},
pages = {1536--1542},
month = sep
}

@article{Mathis:2015ww,
author = {Mathis, S and Beard, A},
title = {{Cherry/Upon the Coughing Up of my Lung}},
journal = {Manuscripts},
year = {2015}
}

@article{Harris:2012ew,
author = {Harris, A R and Peter, L and Bellis, J and Baum, B and Kabla, A J and Charras, G T},
title = {{Characterizing the mechanics of cultured cell monolayers}},
journal = {Proceedings of the National Academy of Sciences},
year = {2012},
volume = {109},
number = {41},
pages = {16449--16454},
month = oct
}

@article{Kennedy:2015ic,
author = {Kennedy, Ann},
title = {{Representation and learning in cerebellum-like structures}},
year = {2015}
}

@article{Turner:2008eo,
author = {Turner, Glenn C and Bazhenov, Maxim and Laurent, Gilles},
title = {{Olfactory Representations by Drosophila Mushroom Body Neurons}},
journal = {Journal of Neurophysiology},
year = {2008},
volume = {99},
number = {2},
pages = {734--746},
month = feb
}

@article{Babadi:2014he,
author = {Babadi, Baktash and Sompolinsky, Haim},
title = {{Sparseness and Expansion in Sensory Representations}},
journal = {Neuron},
year = {2014},
volume = {83},
number = {5},
pages = {1213--1226},
month = mar
}

@article{Foundation:2014wb,
author = {Izhikevich, Eugene M and {Neurosciences Research Foundation, Inc.}},
title = {{Solving the distal reward problem through linkage of STDP and dopamine signaling}},
year = {2014},
month = sep
}

@article{Parnas:2013kd,
author = {Parnas, Moshe and Lin, Andrew C and Huetteroth, Wolf and Miesenb{\"o}ck, Gero},
title = {{Odor Discrimination in Drosophila: From Neural Population Codes to Behavior}},
journal = {Neuron},
year = {2013},
volume = {79},
number = {5},
pages = {932--944},
month = sep
}

@book{Anonymous:2010ub,
title = {{Recent Advances in Parkinson{\textquoteright}s Disease: Basic Research}},
publisher = {Elsevier},
year = {2010}
}

@article{Mirams:2013it,
author = {Mirams, Gary R and Arthurs, Christopher J and Bernabeu, Miguel O and Bordas, Rafel and Cooper, Jonathan and Corrias, Alberto and Davit, Yohan and Dunn, Sara-Jane and Fletcher, Alexander G and Harvey, Daniel G and Marsh, Megan E and Osborne, James M and Pathmanathan, Pras and Pitt-Francis, Joe and Southern, James and Zemzemi, Nejib and Gavaghan, David J},
title = {{Chaste: An Open Source C++ Library for Computational Physiology and Biology}},
journal = {PLOS Computational Biology},
year = {2013},
volume = {9},
number = {3},
pages = {e1002970},
month = mar
}

@article{Anonymous:2014ftbacadaeafa,
title = {{Formation and maintenance of neuronal assemblies through synaptic plasticity}},
year = {2014},
volume = {5},
month = nov
}

@article{Anonymous:Kv1y7whO,
title = {{Any idea of how the nuclear deal with Iran will impact Syria? {\textbullet} /r/syriancivilwar}}
}

@article{Nitz:2007cg,
author = {Nitz, Douglas A and Kargo, William J and Fleischer, Jason},
title = {{Dopamine signaling and the distal reward problem}},
journal = {NeuroReport},
year = {2007},
volume = {18},
number = {17},
pages = {1833--1836},
month = nov
}

@webpage{Huerta:0hxba,
title = {{Computational models to understand decision making and pattern recognition in the insect brain}}
}

@webpage{Anonymous:YYeqZYnt,
url = {file:///Users/MacbookPro/Downloads/fncir-08-00036.pdf}
}

@webpage{Anonymous:2a8aqnzg,
title = {{odesa - Google Search}},
url = {https://www.google.com/search?hl=en&gl=uk&tbm=nws&authuser=0&q=odessa&oq=odessa&gs_l=news-cc.3..43j0l10j43i53.5429.6521.0.6615.6.6.0.0.0.0.225.769.1j3j1.5.0...0.0...1ac.1.T5K83SuIdTM#hl=en-GB&gl=uk&authuser=0&tbm=nws&q=odesa}
}

@article{Anonymous:2006czbaca,
title = {{The tempotron: a neuron that learns spike timing|[ndash]|based decisions}},
year = {2006},
volume = {9},
number = {3},
pages = {420--428},
month = mar
}

@incollection{Surmeier:2010dc,
author = {Surmeier, D James and Shen, Weixing and Day, Michelle and Gertler, Tracy and Chan, Savio and Tian, Xianyong and Plotkin, Joshua L},
title = {{The role of dopamine in modulating the structure and function of striatal circuits}},
booktitle = {Recent Advances in Parkinson{\textquoteright}s Disease: Basic Research},
year = {2010},
pages = {148--167},
publisher = {Elsevier}
}

@article{Hoerzer:2014cz,
author = {Hoerzer, Gregor M and Legenstein, Robert and Maass, Wolfgang},
title = {{Emergence of complex computational structures from chaotic neural networks through reward-modulated Hebbian learning.}},
journal = {Cerebral cortex (New York, N.Y. : 1991)},
year = {2014},
volume = {24},
number = {3},
pages = {677--690},
month = mar
}

@webpage{Anonymous:hIEIZFH9,
title = {{HotNews.ro - Actualitate}},
url = {http://www.hotnews.ro/}
}

@article{Fremaux:2013hl,
author = {Fr{\'e}maux, Nicolas and Sprekeler, Henning and Gerstner, Wulfram},
title = {{Reinforcement Learning Using a Continuous Time Actor-Critic Framework with Spiking Neurons}},
journal = {PLOS Computational Biology},
year = {2013},
volume = {9},
number = {4},
pages = {e1003024},
month = apr
}

@article{Niv:2012df,
author = {Niv, Yael and Edlund, Jeffrey A and Dayan, Peter and O'Doherty, John P},
title = {{Neural prediction errors reveal a risk-sensitive reinforcement-learning process in the human brain.}},
journal = {The Journal of neuroscience : the official journal of the Society for Neuroscience},
year = {2012},
volume = {32},
number = {2},
pages = {551--562},
month = jan
}

@webpage{Anonymous:OEx6wATP,
url = {http://lcn.epfl.ch/team/pfister/papers/Pfister_06c.pdf}
}

@article{Trepat:2007jb,
author = {Trepat, Xavier and Deng, Linhong and An, Steven S and Navajas, Daniel and Tschumperlin, Daniel J and Gerthoffer, William T and Butler, James P and Fredberg, Jeffrey J},
title = {{Universal physical responses to stretch in the living cell.}},
journal = {Nature},
year = {2007},
volume = {447},
number = {7144},
pages = {592--595},
month = may
}

@article{Anonymous:2006cz,
title = {{The tempotron: a neuron that learns spike timing|[ndash]|based decisions}},
year = {2006},
volume = {9},
number = {3},
pages = {420--428},
month = mar
}

@article{Saha:2015gm,
author = {Saha, Debajit and Li, Chao and Peterson, Steven and Padovano, William and Katta, Nalin and Raman, Baranidharan},
title = {{Behavioural correlates of combinatorial versus temporal features of odour codes}},
journal = {Nature Communications},
year = {2015},
volume = {6},
pages = {6953},
month = apr
}

@article{Jaeger:2007cv,
author = {Jaeger, Herbert},
title = {{Echo state network}},
journal = {Scholarpedia},
year = {2007},
volume = {2},
number = {9},
pages = {2330}
}

@article{Izhikevich:2004ul,
author = {Izhikevich, E M},
title = {{Which model to use for cortical spiking neurons?}},
journal = {IEEE transactions on neural networks},
year = {2004}
}

@article{Legenstein:2008gx,
author = {Legenstein, Robert and Pecevski, Dejan and Maass, Wolfgang},
title = {{A Learning Theory for Reward-Modulated Spike-Timing-Dependent Plasticity with Application to Biofeedback}},
journal = {PLOS Computational Biology},
year = {2008},
volume = {4},
number = {10},
pages = {e1000180},
month = oct
}

@article{Neurokernel:2014vo,
author = {Neurokernel, RFC and Givon, L E and Lazar, A A},
title = {{Neurokernel: An Open Scalable Software Framework for Emulation and Validation of Drosophila Brain Models on Multiple GPUs}},
year = {2014}
}

@article{Kullmann:2012dy,
author = {Kullmann, Dimitri M and Moreau, Alexandre W and Bakiri, Yamina and Nicholson, Elizabeth},
title = {{Plasticity of Inhibition}},
journal = {Neuron},
year = {2012},
volume = {75},
number = {6},
pages = {951--962},
month = sep
}

@article{Zhou:2014ik,
author = {Lazar, A A and Zhou, Y},
title = {{Reconstructing Natural Visual Scenes From Spike Times}},
journal = {Proceedings of the IEEE},
year = {2014},
volume = {102},
number = {10},
pages = {1500--1519},
month = oct
}

@article{McDannald:2011ha,
author = {McDannald, Michael A and Lucantonio, Federica and Burke, Kathryn A and Niv, Yael and Schoenbaum, Geoffrey},
title = {{Ventral striatum and orbitofrontal cortex are both required for model-based, but not model-free, reinforcement learning.}},
journal = {The Journal of neuroscience : the official journal of the Society for Neuroscience},
year = {2011},
volume = {31},
number = {7},
pages = {2700--2705},
month = feb
}

@article{Krashes:2007fh,
author = {Krashes, Michael J and Keene, Alex C and Leung, Benjamin and Armstrong, J Douglas and Waddell, Scott},
title = {{Sequential Use of Mushroom Body Neuron Subsets during Drosophila Odor Memory Processing}},
journal = {Neuron},
year = {2007},
volume = {53},
number = {1},
pages = {103--115},
month = jan
}

@article{Yarali:2008um,
author = {Yarali, A},
title = {{Aspects of predictive learning in the fruit fly}},
year = {2008}
}

@article{Stopfer:2003ew,
author = {Stopfer, Mark and Jayaraman, Vivek and Laurent, Gilles},
title = {{Intensity versus Identity Coding in an Olfactory System}},
journal = {Neuron},
year = {2003},
volume = {39},
number = {6},
pages = {991--1004},
month = nov
}

@article{Anonymous:/ktv47LV,
title = {{A fost lansat logo-ul Mondialului din Rusia (2018) - Criticile au aparut imediat: "Seamana cu un termos"}}
}

@webpage{Anonymous:3Uv5/JMt,
url = {http://ac.els-cdn.com/S0896627315002214/1-s2.0-S0896627315002214-main.pdf?_tid=cdc3225e-e289-11e4-a132-00000aab0f27&acdnat=1429004401_895b447452e8ae9d89a602984dfdf014}
}

@article{Trannoy:2011bs,
author = {Trannoy, S{\'e}verine and Redt-Clouet, Christelle and Dura, Jean-Maurice and Preat, Thomas},
title = {{Parallel Processing of Appetitive Short- and Long-Term Memories In Drosophila}},
journal = {Current Biology},
year = {2011},
volume = {21},
number = {19},
pages = {1647--1653},
month = oct
}

@article{Kasap:hs,
author = {Kasap, Bahadir and Schmuker, Michael},
title = {{Improving odor classification through self-organized lateral inhibition in a spiking olfaction-inspired network}},
journal = {2013 6th International IEEE/EMBS Conference on Neural Engineering (NER)},
pages = {219--222}
}

@webpage{Anonymous:1kHr2jbw
}

@article{Moreno-Bote:2014jd,
author = {Moreno-Bote, Rub{\'e}n and Beck, Jeffrey and Kanitscheider, Ingmar and Pitkow, Xaq and Latham, Peter and Pouget, Alexandre},
title = {{Information-limiting correlations}},
journal = {Nature Neuroscience},
year = {2014},
volume = {17},
number = {10},
pages = {1410--1417},
month = sep
}

@article{Anonymous:2014ftbaca,
title = {{Formation and maintenance of neuronal assemblies through synaptic plasticity}},
year = {2014},
volume = {5},
month = nov
}

@article{Ito:2008eb,
author = {Ito, Iori and Ong, Rose Chik-ying and Raman, Baranidharan and Stopfer, Mark},
title = {{Sparse odor representation and olfactory learning}},
journal = {Nature Neuroscience},
year = {2008},
volume = {11},
number = {10},
pages = {1177--1184},
month = sep
}

@article{Theunissen:1995kl,
author = {Theunissen, Fr{\'e}d{\'e}ric and Miller, John P},
title = {{Temporal encoding in nervous systems: A rigorous definition}},
journal = {Journal of Computational Neuroscience},
year = {1995},
volume = {2},
number = {2},
pages = {149--162},
month = jun
}

@article{Anonymous:2014ftba,
title = {{Formation and maintenance of neuronal assemblies through synaptic plasticity}},
year = {2014},
volume = {5},
month = nov
}

@article{Olsen:2010dc,
author = {Olsen, Shawn R and Bhandawat, Vikas and Wilson, Rachel I},
title = {{Divisive normalization in olfactory population codes.}},
journal = {Neuron},
year = {2010},
volume = {66},
number = {2},
pages = {287--299},
month = apr
}

@article{Schreiber:2000jx,
author = {Schreiber, Thomas},
title = {{Measuring Information Transfer}},
journal = {arXiv.org},
year = {2000},
eprint = {nlin/0001042v1},
eprinttype = {arxiv},
eprintclass = {nlin.CD},
number = {2},
pages = {461--464},
month = jan,
annote = {4 pages, 4 Figures, Revtex}
}

@webpage{Anonymous:UoBEf05h,
url = {http://www.indiana.edu/~cortex/networks_nrn.pdf}
}

@article{Hige:2015kz,
author = {Hige, Toshihide and Turner, Glenn},
title = {{Learning: The Good, the Bad, and the Fly}},
journal = {Neuron},
year = {2015},
volume = {86},
number = {2},
pages = {343--345},
month = apr
}

@article{Anonymous:1999ck,
title = {{Book Reviews}},
journal = {Journal of Cognitive Neuroscience},
year = {1999},
volume = {11},
number = {1},
pages = {126--134},
month = jan
}

@article{Vogels:2009dz,
author = {Vogels, Tim P and Abbott, L F},
title = {{Gating multiple signals through detailed balance of excitation and inhibition in spiking networks}},
journal = {Nature Neuroscience},
year = {2009},
volume = {12},
number = {4},
pages = {483--491},
month = apr
}

@booklet{Sutton:1998vn,
title = {{Introduction to reinforcement learning}},
author = {Sutton, R S and Barto, A G},
year = {1998}
}

@article{Waddell:2014bx,
author = {Waddell, Scott and Barnstedt, Oliver and Treiber, Christoph},
title = {{Neural transposition in the Drosophila brain: is it all bad news?}},
journal = {Advances in genetics},
year = {2014},
volume = {86},
pages = {65--92}
}

@article{Kleberg:2014caba,
author = {Kleberg, Florence I and Fukai, Tomoki and Gilson, Matthieu},
title = {{Excitatory and inhibitory STDP jointly tune feedforward neural circuits to selectively propagate correlated spiking activity}},
journal = {Frontiers in Computational Neuroscience},
year = {2014},
volume = {8},
month = may
}

@article{Ito:2008eba,
author = {Ito, Iori and Ong, Rose Chik-ying and Raman, Baranidharan and Stopfer, Mark},
title = {{Sparse odor representation and olfactory learning}},
journal = {Nature Neuroscience},
year = {2008},
volume = {11},
number = {10},
pages = {1177--1184},
month = oct
}

@article{Wu:2011em,
author = {Wu, Chia-Lin and Shih, Meng-Fu Maxwell and Lai, Jason Sih-Yu and Yang, Hsun-Ti and Turner, Glenn C and Chen, Linyi and Chiang, Ann-Shyn},
title = {{Heterotypic Gap Junctions between Two Neurons in the Drosophila Brain Are Critical for Memory}},
journal = {Current Biology},
year = {2011},
volume = {21},
number = {10},
pages = {848--854},
month = may
}

@article{Heisenberg:2009bu,
author = {Heisenberg, Martin},
title = {{Is free will an illusion?}},
journal = {Nature},
year = {2009},
volume = {459},
number = {7244},
pages = {164--165},
month = may
}

@article{Anonymous:2014ftbacada,
title = {{Formation and maintenance of neuronal assemblies through synaptic plasticity}},
year = {2014},
volume = {5},
month = nov
}

@article{Sussillo:2014dy,
author = {Sussillo, David},
title = {{Neural circuits as computational dynamical systems}},
journal = {Current opinion in neurobiology},
year = {2014},
volume = {25},
pages = {156--163},
month = apr
}

@article{Srinivasa:2012ij,
author = {O'Brien, Michael J and Srinivasa, Narayan},
title = {{A Spiking Neural Model for Stable Reinforcement of Synapses Based on Multiple Distal Rewards}},
journal = {dx.doi.org},
year = {2012},
volume = {25},
number = {1},
pages = {123--156},
month = dec
}

@article{Lin:2014io,
author = {Lin, Andrew C and Bygrave, Alexei M and de Calignon, Alix and Lee, Tzumin and Miesenb{\"o}ck, Gero},
title = {{Sparse, decorrelated odor coding in the mushroom body enhances learned odor discrimination}},
journal = {Nature Neuroscience},
year = {2014},
volume = {17},
number = {4},
pages = {559--568},
month = apr
}

@webpage{Anonymous:MxeAJEaW,
title = {{dean potter - Google Search}},
url = {https://www.google.co.uk/webhp?sourceid=chrome-instant&ion=1&espv=2&es_th=1&ie=UTF-8#q=dean%20potter&es_th=1}
}

@webpage{Huerta:0hxbacadaeafa,
title = {{Computational models to understand decision making and pattern recognition in the insect brain}}
}

@article{Perisse:2013fsba,
author = {Perisse, Emmanuel and Yin, Yan and Lin, Andrew C and Lin, Suewei and Huetteroth, Wolf and Waddell, Scott},
title = {{Different Kenyon Cell Populations Drive Learned Approach and Avoidance in Drosophila}},
journal = {Neuron},
year = {2013},
volume = {79},
number = {5},
pages = {945--956},
month = apr
}

@article{Surmeier:2009gj,
author = {Surmeier, D James and Plotkin, Joshua and Shen, Weixing},
title = {{Dopamine and synaptic plasticity in dorsal striatal circuits controlling action selection}},
journal = {Current opinion in neurobiology},
year = {2009},
volume = {19},
number = {6},
pages = {621--628},
month = dec,
annote = {Good paperm hard paper}
}

@webpage{Anonymous:NN0Xu5AG,
title = {{Use the bookmarklet to import papers from your web browser to Papers / How To / Knowledge Base - Mekentosj Support}},
url = {http://support.mekentosj.com/kb/how-to/use-the-bookmarklet-to-import-papers-from-your-web-browser-to-papers}
}

@article{Anonymous:tr,
title = {{Richard S. Sutton}}
}

@article{Steil:2013hi,
author = {Soltoggio, Andrea and Steil, Jochen J},
title = {{Solving the Distal Reward Problem with Rare Correlations}},
journal = {dx.doi.org},
year = {2013},
volume = {25},
number = {4},
pages = {940--978},
month = mar
}

@webpage{Huerta:0wc,
author = {Huerta, R},
title = {{Learning pattern recognition and decision making in the insect brain}},
url = {http://biocircuits.ucsd.edu/huerta/APC000101.pdf}
}

@article{Anonymous:+fWHlS7V,
title = {{Validity of the Cauchy-Born rule applied to discrete cellular-scale models of biological tissues}},
year = {2012},
pages = {1--38},
month = jun
}

@article{Wu:2007ie,
author = {Wu, Chia-Lin and Xia, Shouzhen and Fu, Tsai-Feng and Wang, Huaien and Chen, Ying-Hsiu and Leong, Daniel and Chiang, Ann-Shyn and Tully, Tim},
title = {{Specific requirement of NMDA receptors for long-term memory consolidation in Drosophila ellipsoid body}},
journal = {Nature Neuroscience},
year = {2007},
volume = {10},
number = {12},
pages = {1578--1586},
month = dec
}

@article{Niv:2008fbba,
author = {Dayan, Peter and Niv, Yael},
title = {{Reinforcement learning: The Good, The Bad and The Ugly}},
journal = {Current opinion in neurobiology},
year = {2008},
volume = {18},
number = {2},
pages = {185--196},
month = apr
}

@article{Florian:2007cz,
author = {Florian, R{\u{a}}zvan V},
title = {{Reinforcement learning through modulation of spike-timing-dependent synaptic plasticity.}},
journal = {Neural computation},
year = {2007},
volume = {19},
number = {6},
pages = {1468--1502},
month = jun
}

@article{Seung:2000klbaca,
author = {Seung, H Sebastian and Lee, Daniel D and Reis, Ben Y and Tank, David W},
title = {{Stability of the Memory of Eye Position in a Recurrent Network of Conductance-Based Model Neurons}},
journal = {Neuron},
year = {2000},
volume = {26},
number = {1},
pages = {259--271},
month = apr
}

@article{Honegger:2011ja,
author = {Honegger, Kyle S and Campbell, Robert A A and Turner, Glenn C},
title = {{Cellular-resolution population imaging reveals robust sparse coding in the Drosophila mushroom body.}},
journal = {The Journal of neuroscience : the official journal of the Society for Neuroscience},
year = {2011},
volume = {31},
number = {33},
pages = {11772--11785},
month = aug
}

@article{Yildizoglu:2015fp,
author = {Yildizoglu, T},
title = {{Estimating information flow through a memory system}},
year = {2015}
}

@article{Gao:2015fk,
author = {Gao, Xiaojing J and Clandinin, Thomas R and Luo, Liqun},
title = {{Extremely Sparse Olfactory Inputs Are Sufficient to Mediate Innate Aversion in Drosophila}},
journal = {PLOS ONE},
year = {2015},
volume = {10},
number = {4},
pages = {e0125986},
month = apr
}

@article{Theunissen:1999hw,
author = {Borst, Alexander and Theunissen, Fr{\'e}d{\'e}ric E},
title = {{Information theory and neural coding}},
journal = {Nature Neuroscience},
year = {1999},
volume = {2},
number = {11},
pages = {947--957},
month = nov
}

@article{Perisse:2013fsbaca,
author = {Perisse, Emmanuel and Yin, Yan and Lin, Andrew C and Lin, Suewei and Huetteroth, Wolf and Waddell, Scott},
title = {{Different Kenyon Cell Populations Drive Learned Approach and Avoidance in Drosophila}},
journal = {Neuron},
year = {2013},
volume = {79},
number = {5},
pages = {945--956},
month = sep
}

@webpage{Various:E3Ea4S9c,
author = {{Various}},
title = {{Decision Making in Intvertebrates}},
url = {file:///Users/MacbookPro/Downloads/Decision-making_in_invertebrates.PDF}
}

@webpage{Schiller:0vd,
author = {von Schiller},
title = {{Letters Upon The Aesthetic Education of Man}},
url = {http://www.searchengine.org.uk/ebooks/55/76.pdf}
}

@article{Buonomano:2009vg,
author = {Buonomano, D V},
title = {{Harnessing Chaos in Recurrent Neural Networks}},
journal = {Neuron},
year = {2009}
}

@article{Steinberg:2013in,
author = {Steinberg, Elizabeth E and Keiflin, Ronald and Boivin, Josiah R and Witten, Ilana B and Deisseroth, Karl and Janak, Patricia H},
title = {{A causal link between prediction errors, dopamine neurons and learning.}},
journal = {Nature Neuroscience},
year = {2013},
volume = {16},
number = {7},
pages = {966--973},
month = jul
}

@article{Collins:2014bd,
author = {Collins, Anne G E and Frank, Michael J},
title = {{Opponent actor learning (OpAL): Modeling interactive effects of striatal dopamine on reinforcement learning and choice incentive.}},
journal = {Psychological Review},
year = {2014},
volume = {121},
number = {3},
pages = {337--366},
month = jul
}

@article{Cho:2014cz,
author = {Srinivasa, Narayan and Cho, Youngkwan},
title = {{Unsupervised Discrimination of Patterns in Spiking Neural Networks with Excitatory and Inhibitory Synaptic Plasticity}},
journal = {Frontiers in Computational Neuroscience},
year = {2014},
volume = {8}
}

@article{Hopfield:2003hm,
author = {Brody, Carlos D and Hopfield, J J},
title = {{Simple Networks for Spike-Timing-Based Computation, with Application to Olfactory Processing}},
journal = {Neuron},
year = {2003},
volume = {37},
number = {5},
pages = {843--852},
month = mar
}

@article{Stopfer:2003ewa,
author = {Stopfer, Mark and Jayaraman, Vivek and Laurent, Gilles},
title = {{Intensity versus Identity Coding in an Olfactory System}},
journal = {Neuron},
year = {2003},
volume = {39},
number = {6},
pages = {991--1004},
month = sep
}

@article{Schwaerzel:2003wp,
author = {Schwaerzel, Martin and Monastirioti, Maria and Scholz, Henrike and Friggi-Grelin, Florence and Birman, Serge and Heisenberg, Martin},
title = {{Dopamine and octopamine differentiate between aversive and appetitive olfactory memories in Drosophila.}},
journal = {The Journal of neuroscience : the official journal of the Society for Neuroscience},
year = {2003},
volume = {23},
number = {33},
pages = {10495--10502},
month = nov
}

@article{Fremaux:2013ws,
author = {Fr{\'e}maux, Nicolas},
title = {{Models of Reward-Modulated Spike-Timing-Dependent Plasticity}},
year = {2013},
pages = {1--195},
month = mar
}

@article{Mensi:2012fu,
author = {Mensi, S and Naud, R and Pozzorini, C and Avermann, M and Petersen, C C H and Gerstner, W},
title = {{Parameter extraction and classification of three cortical neuron types reveals two distinct adaptation mechanisms}},
journal = {Journal of Neurophysiology},
year = {2012},
volume = {107},
number = {6},
pages = {1756--1775},
month = mar
}

@article{Jacobson:2013bz,
author = {Jacobson, Gilad A and Friedrich, Rainer W},
title = {{Neural Circuits: Random Design of a Higher-Order Olfactory Projection}},
journal = {Current Biology},
year = {2013},
volume = {23},
number = {10},
pages = {R448--R451},
month = may
}

@article{Borst:1999hw,
author = {Borst, Alexander and Theunissen, Fr{\'e}d{\'e}ric E},
title = {{Information theory and neural coding}},
journal = {Nature Neuroscience},
year = {1999},
volume = {2},
number = {11},
pages = {947--957},
month = nov
}

@article{Wang:2014tl,
author = {Su, C Y and Wang, J W},
title = {{Modulation of neural circuits: how stimulus context shapes innate behavior in Drosophila}},
journal = {Current opinion in neurobiology},
year = {2014}
}

@article{Kelso:2009jqa,
author = {Kelso, J A Scott and de Guzman, Gonzalo C and Reveley, Colin and Tognoli, Emmanuelle},
title = {{Virtual Partner Interaction (VPI): Exploring Novel Behaviors via Coordination Dynamics}},
journal = {PLOS ONE},
year = {2009},
volume = {4},
number = {6},
pages = {e5749},
month = jun
}

@article{Aso:2014bh,
author = {Aso, Yoshinori and Sitaraman, Divya and Ichinose, Toshiharu and Kaun, Karla R and Vogt, Katrin and Belliart-Gu{\'e}rin, Ghislain and Pla{\c c}ais, Pierre-Yves and Robie, Alice A and Yamagata, Nobuhiro and Schnaitmann, Christopher and Rowell, William J and Johnston, Rebecca M and Ngo, Teri-T B and Chen, Nan and Korff, Wyatt and Nitabach, Michael N and Heberlein, Ulrike and Preat, Thomas and Branson, Kristin M and Tanimoto, Hiromu and Rubin, Gerald M and Luo, Liqun},
title = {{Mushroom body output neurons encode valence and guide memory-based action selection in Drosophila}},
journal = {eLife},
year = {2014},
volume = {3},
pages = {e04580},
month = dec
}

@article{Burke:2012jt,
author = {Burke, Christopher J and Huetteroth, Wolf and Owald, David and Perisse, Emmanuel and Krashes, Michael J and Das, Gaurav and Gohl, Daryl and Silies, Marion and Certel, Sarah and Waddell, Scott},
title = {{Layered reward signalling through octopamine and dopamine in Drosophila.}},
journal = {Nature},
year = {2012},
volume = {492},
number = {7429},
pages = {433--437},
month = dec
}

@webpage{Anonymous:TYn82aTY,
title = {{Chat with Nikayjay in a Live Adult Video Chat Room Now}},
url = {https://chaturbate.com/nikayjay/}
}

@article{Campbell:2013fba,
author = {Campbell, Robert A A and Honegger, Kyle S and Qin, Hongtao and Li, Wanhe and Demir, Ebru and Turner, Glenn C},
title = {{Imaging a population code for odor identity in the Drosophila mushroom body.}},
journal = {The Journal of neuroscience : the official journal of the Society for Neuroscience},
year = {2013},
volume = {33},
number = {25},
pages = {10568--10581},
month = jun
}

@webpage{Anonymous:PdPs1X2c,
url = {https://ediss.uni-goettingen.de/bitstream/handle/11858/00-1735-0000-0022-5E94-1/PhD%20Thesis%20of%20Faramarz%20Faghihi1.pdf?sequence=1}
}

@article{Pereda:2014ie,
author = {Pereda, Alberto E},
title = {{Electrical synapses and their functional interactions with chemical synapses}},
journal = {Nature Reviews Neuroscience},
year = {2014},
volume = {15},
number = {4},
pages = {250--263},
month = mar
}

@article{Wessnitzer:2011dj,
author = {Wessnitzer, Jan and Young, Joanna M and Armstrong, J Douglas and Webb, Barbara},
title = {{A model of non-elemental olfactory learning in Drosophila. - PubMed - NCBI}},
journal = {Journal of Computational Neuroscience},
year = {2011},
volume = {32},
number = {2},
pages = {197--212},
month = jun
}

@article{Anonymous:ibAdPavV,
title = {{Discrete cellular level modelling using dynamic reference states}},
year = {2014},
pages = {1--20},
month = apr
}

@article{vanRossum:2002fh,
author = {van Rossum, Mark C W and Turrigiano, Gina G and Nelson, Sacha B},
title = {{Fast propagation of firing rates through layered networks of noisy neurons.}},
journal = {The Journal of neuroscience : the official journal of the Society for Neuroscience},
year = {2002},
volume = {22},
number = {5},
pages = {1956--1966},
month = mar
}

@article{Linster:2006dv,
author = {Fellous, Jean-Marc and Linster, Christiane},
title = {{Computational Models of Neuromodulation}},
journal = {dx.doi.org},
year = {2006},
volume = {10},
number = {4},
pages = {771--805},
month = mar
}

@article{Borst:2007gz,
author = {Borst, Alexander},
title = {{Correlation versus gradient type motion detectors: the pros and cons}},
journal = {Philosophical Transactions of the Royal Society B: Biological Sciences},
year = {2007},
volume = {362},
number = {1479},
pages = {369--374},
month = mar
}

@article{Waddell:2010iw,
author = {Waddell, Scott},
title = {{Dopamine reveals neural circuit mechanisms of fly memory}},
journal = {Trends in neurosciences},
year = {2010},
volume = {33},
number = {10},
pages = {457--464},
month = oct
}

@article{Niv:2008fb,
author = {Dayan, Peter and Niv, Yael},
title = {{Reinforcement learning: The Good, The Bad and The Ugly}},
journal = {Current opinion in neurobiology},
year = {2008},
volume = {18},
number = {2},
pages = {185--196},
month = apr
}

@article{Graves:2013ua,
author = {Graves, Alex},
title = {{Generating Sequences With Recurrent Neural Networks}},
year = {2013},
eprint = {1308.0850},
eprinttype = {arxiv},
month = aug
}

@article{Maass:2004dv,
author = {Maass, Wolfgang and Markram, Henry},
title = {{On the computational power of circuits of spiking neurons}},
journal = {Journal of computer and system sciences},
year = {2004},
volume = {69},
number = {4},
pages = {593--616},
month = dec
}

@article{Hallem:2006iu,
author = {Hallem, Elissa A and Carlson, John R},
title = {{Coding of odors by a receptor repertoire.}},
journal = {Cell},
year = {2006},
volume = {125},
number = {1},
pages = {143--160},
month = apr
}

@article{Saha:2006gh,
author = {Saha, Somen and Ji, Lin and de Pablo, Juan J and Palecek, Sean P},
title = {{Inhibition of human embryonic stem cell differentiation by mechanical strain.}},
journal = {Journal of cellular physiology},
year = {2006},
volume = {206},
number = {1},
pages = {126--137},
month = jan
}

@article{Das:2014ih,
author = {Das, Gaurav and Klappenbach, Mart{\'\i}n and Vrontou, Eleftheria and Perisse, Emmanuel and Clark, Christopher M and Burke, Christopher J and Waddell, Scott},
title = {{Drosophila learn opposing components of a compound food stimulus.}},
journal = {Current biology : CB},
year = {2014},
volume = {24},
number = {15},
pages = {1723--1730},
month = aug
}

@article{Lin:2014ixba,
author = {Lin, Suewei and Owald, David and Chandra, Vikram and Talbot, Clifford and Huetteroth, Wolf and Waddell, Scott},
title = {{Neural correlates of water reward in thirsty Drosophila.}},
journal = {Nature Neuroscience},
year = {2014},
volume = {17},
number = {11},
pages = {1536--1542},
month = sep
}

@article{Bienenstock:1982tz,
author = {Bienenstock, E L and Cooper, L N and Munro, P W},
title = {{Theory for the development of neuron selectivity: orientation specificity and binocular interaction in visual cortex.}},
journal = {The Journal of neuroscience : the official journal of the Society for Neuroscience},
year = {1982},
volume = {2},
number = {1},
pages = {32--48},
month = jan
}

@article{Ben-Yishai:1995jk,
author = {Ben-Yishai, R and Bar-Or, R L and Sompolinsky, H},
title = {{Theory of orientation tuning in visual cortex.}},
journal = {Proceedings of the National Academy of Sciences},
year = {1995},
volume = {92},
number = {9},
pages = {3844--3848},
month = apr
}

@article{vanRossum:2002vz,
author = {van Rossum, Mark C W and Turrigiano, Gina G and Nelson, Sacha B},
title = {{Fast propagation of firing rates through layered networks of noisy neurons.}},
journal = {The Journal of neuroscience : the official journal of the Society for Neuroscience},
year = {2002},
volume = {22},
number = {5},
pages = {1956--1966},
month = mar
}

@article{Florian:2007cza,
author = {Florian, R{\u{a}}zvan V},
title = {{Reinforcement learning through modulation of spike-timing-dependent synaptic plasticity. - PubMed - NCBI}},
journal = {Neural computation},
year = {2007},
volume = {19},
number = {6},
pages = {1468--1502},
month = jun
}

@webpage{Anonymous:4mnRWHTJ,
url = {http://redishlab.neuroscience.umn.edu/Papers/2015-Hills-etal-TICS.pdf}
}

@article{Perisse:2013fp,
author = {Perisse, Emmanuel and Burke, Christopher and Huetteroth, Wolf and Waddell, Scott},
title = {{Shocking revelations and saccharin sweetness in the study of Drosophila olfactory memory.}},
journal = {Current biology : CB},
year = {2013},
volume = {23},
number = {17},
pages = {R752--63},
month = sep
}

@article{Hige:2015er,
author = {Hige, Toshihide and Aso, Yoshinori and Rubin, Gerald M and Turner, Glenn C},
title = {{Plasticity-driven individualization of olfactory coding in mushroom body output neurons}},
journal = {Nature},
year = {2015},
month = sep
}

@article{Sprekeler:2012hc,
author = {Sprekeler, H and Clopath, C and Vogels, T P},
title = {{Interactions of excitatory and inhibitory synaptic plasticity}},
journal = {Poster presentation at: Bernstein {\ldots}},
year = {2012}
}

@article{Hu:2010vh,
author = {Hu, Aiqun and Zhang, Wei and Wang, Zuoren},
title = {{Functional feedback from mushroom bodies to antennal lobes in the Drosophila olfactory pathway.}},
journal = {Proceedings of the National Academy of Sciences of the United States of America},
year = {2010},
volume = {107},
number = {22},
pages = {10262--10267},
month = jun
}

@webpage{Anonymous:WIQmjY/P,
url = {http://edoc.ub.uni-muenchen.de/17542/1/Galili_Dana.pdf}
}

@article{DallasDreamJustifi:uo,
title = {{Dallas Dream Justified}}
}

@article{Zhou:2012uz,
author = {Lazar, A A and Zhou, Y},
title = {{Massively parallel neural encoding and decoding of visual stimuli}},
journal = {Neural Networks},
year = {2012}
}

@article{Pitt-Francis:2009cr,
author = {Pitt-Francis, Joe and Pathmanathan, Pras and Bernabeu, Miguel O and Bordas, Rafel and Cooper, Jonathan and Fletcher, Alexander G and Mirams, Gary R and Murray, Philip and Osborne, James M and Walter, Alex and Chapman, S Jon and Garny, Alan and van Leeuwen, Ingeborg M M and Maini, Philip K and Rodr{\'\i}guez, Blanca and Waters, Sarah L and Whiteley, Jonathan P and Byrne, Helen M and Gavaghan, David J},
title = {{Chaste: A test-driven approach to software development for biological modelling}},
journal = {Computer Physics Communications},
year = {2009},
volume = {180},
number = {12},
pages = {2452--2471},
month = dec
}

@article{Anonymous:2014ft,
title = {{Formation and maintenance of neuronal assemblies through synaptic plasticity}},
year = {2014},
volume = {5},
month = nov
}

@article{Mnih:2014ti,
author = {Mnih, Volodymyr and Heess, Nicolas and Graves, Alex and Kavukcuoglu, Koray},
title = {{Recurrent Models of Visual Attention}},
journal = {arXiv.org},
year = {2014},
eprint = {1406.6247v1},
eprinttype = {arxiv},
eprintclass = {cs.LG},
month = jun
}

@webpage{Anonymous:jQdnDY8U
}

@article{Legenstein:2007bg,
author = {Legenstein, Robert and Maass, Wolfgang},
title = {{Edge of chaos and prediction of computational performance for neural circuit models}},
journal = {Neural Networks},
year = {2007},
volume = {20},
number = {3},
pages = {323--334},
month = apr
}

@webpage{Huerta:0hx,
title = {{Computational models to understand decision making and pattern recognition in the insect brain}}
}

@webpage{Huerta:0hxbacadaea,
title = {{Computational models to understand decision making and pattern recognition in the insect brain}}
}

@webpage{Anonymous:Hok/KrPY,
title = {{IEEE Xplore Full-Text PDF:}},
url = {http://ieeexplore.ieee.org/stamp/stamp.jsp?tp=&arnumber=6695911}
}

@article{PerezOrive:2002kw,
author = {Perez-Orive, Javier and Mazor, Ofer and Turner, Glenn C and Cassenaer, Stijn and Wilson, Rachel I and Laurent, Gilles},
title = {{Oscillations and sparsening of odor representations in the mushroom body.}},
journal = {Science},
year = {2002},
volume = {297},
number = {5580},
pages = {359--365},
month = jul
}

@article{Burke:2012jta,
author = {Burke, Christopher J and Huetteroth, Wolf and Owald, David and Perisse, Emmanuel and Krashes, Michael J and Das, Gaurav and Gohl, Daryl and Silies, Marion and Certel, Sarah and Waddell, Scott},
title = {{Layered reward signalling through octopamine and dopamine in Drosophila}},
journal = {Nature},
year = {2012},
volume = {492},
number = {7429},
pages = {433--437},
month = oct
}

@article{Huerta:2014kb,
author = {Mosqueiro, Thiago S and Huerta, Ram{\'o}n},
title = {{Computational models to understand decision making and pattern recognition in the insect brain}},
journal = {Current Opinion in Insect Science},
year = {2014},
month = nov
}

@article{Farkhooi:2013bz,
author = {Farkhooi, Farzad and Froese, Anja and Muller, Eilif and Menzel, Randolf and Nawrot, Martin P},
title = {{Cellular Adaptation Facilitates Sparse and Reliable Coding in Sensory Pathways}},
journal = {PLOS Computational Biology},
year = {2013},
volume = {9},
number = {10},
pages = {e1003251},
month = oct
}

